2809 5234
151 602 160 611 ,ι

463 868 828 968 nnnipnr
1074 897 1147 986 tq

173 1071 225 1138 Μ.
239 1059 337 1158 Quid
350 1057 449 1134 istic?
468 1056 607 1131 dabitur
629 1050 795 1150 quidem,
816 1041 958 1146 quando
977 1031 1035 1123 hic
1054 1049 1149 1128 volt.¹
1208 1011 1213 1017 Ι

372 1193 437 1259 Αι.
454 1183 503 1255 mi
524 1198 634 1279 pater.
654 1181 709 1250 D.
727 1199 820 1248 nunc
836 1191 876 1246 tu
895 1142 1011 1265 mii,

174 1336 315 1427 Micio,
344 1357 379 1407 es
405 1350 587 1431 germanus
617 1323 748 1421 pariter
772 1321 891 1395 animo
919 1340 957 1395 et
985 1339 1152 1422 corpore.¹

373 1462 425 1531 M.
455 1454 604 1554 gaudeo.

142 1682 144 1689 ,
177 1618 231 1688 D.
251 1615 323 1686 Suo
345 1611 406 1683 fibi
427 1610 520 1682 hunc
542 1605 660 1706 gladio
681 1600 804 1701 iugulo
826 1617 852 1678 ¹.
1104 1619 1149 1702 35

227 1850 491 1928 ACTUS
541 1851 585 1919 V.
636 1844 905 1918 SCENA
963 1845 1102 1918 Vlla

229 2036 406 2180 smus.
427 2085 620 2174 Danai,
650 2080 810 2172 micro,
835 2072 1132 2195 arserimus(

255 2360 292 2425 S.
308 2259 502 2433 Frieium
520 2343 582 2437 est,
599 2344 697 2446 quod
717 2340 832 2427 iuffisti
853 2359 864 2405 ³
874 2396 890 2433 ,
909 2340 1058 2416 Demea.

183 2499 236 2569 D.
253 2495 353 2592 Frugi
366 2495 475 2567 homo
496 2517 533 2567 es
552 2509 579 2564 4.
604 2515 671 2589 ego
692 2487 841 2587 aedepol
859 2488 966 2564 hodie
990 2512 1067 2563 mea
1080 2487 1160 2590 φινΙ

384 2639 464 2712 dem
488 2634 657 2711 sententia

229 2943 242 2983 r
271 2917 340 2984 scii
365 2919 446 2980 disto
472 2920 545 2994 isto,
563 2922 630 3002 'quo

184 3034 217 3092 in
238 3032 387 3091 austorenr
406 3047 515 3088 retorto
538 3023 634 3108 ipsum

103 3108 105 3121 Ι
186 3138 276 3200 eludit
294 3140 412 3197 vistum.
428 3135 632 3196 Iucundevero

187 3246 366 3329 coniungunt
383 3242 561 3325 pronomina
572 3240 631 3305 Las

187 3351 241 3411 tini
252 3395 261 3424 ‚
274 3349 396 3409 maxime
412 3347 538 3423 Comici,
548 3350 634 3411 eriam

187 3480 253 3520 curn
276 3455 457 3538 pleonasmo.
492 3453 634 3538 Exempla

188 3565 265 3626 dabit
293 3561 385 3640 Gesn.
411 3565 444 3625 in
465 3563 534 3627 thes.
562 3582 635 3623 voce

181 3670 258 3748 pu..

230 3790 247 3824 2
264 3768 342 3825 Bene
360 3763 410 3824 sibi
423 3762 499 3824 ultus
522 3765 634 3826 viderur

189 3873 304 3935 Demea
321 3871 458 3942 fratrem,
476 3890 569 3953 neque
588 3891 634 3931 ta-

190 4001 259 4041 men
282 3997 345 4037 non
365 3972 446 4034 simul
466 3973 501 4034 ad
518 3972 636 4036 honesta

189 4083 318 4169 impulit.
334 4083 365 4143 N
368 4102 424 4142 unc
432 4089 471 4155 δι,
480 4099 509 4139 ut
518 4081 637 4142 ordina-

190 4214 234 4257 ret
254 4197 288 4254 in
302 4191 405 4253 melius
418 4189 568 4252 fraternam
580 4192 635 4252 do·

191 4327 293 4378 mum,
317 4306 384 4364 inde
410 4302 522 4388 abigere
556 4307 636 4387 cupit

193 4412 297 4496 Syrum
311 4415 500 4501 ,exemplum
516 4415 589 4480 illud
599 4418 642 4479 di·

713 2916 852 2999 sciplinae
879 2918 1016 2982 filiorum.
1056 2921 1160 3008 Abigit

715 3046 812 3087 autem
826 3030 967 3102 comita,
985 3045 1015 3087 ut
1029 3025 1163 3093 libertate

716 3135 839 3197 donetur
850 3159 914 3197 cum
933 3159 1020 3198 uxore
1029 3137 1163 3215 serva‚&

713 3241 893 3326 aliquantum
905 3246 1060 3325 pecuniae,
1077 3269 1093 3307 a
1106 3247 1164 3307 Mi-

718 3352 803 3409 cione
819 3350 1049 3422 commodatum,
1076 3352 1162 3412 habi-

717 3472 795 3518 turus
809 3455 849 3516 fit.
865 3454 990 3537 Expleto
1002 3456 1036 3523 {ic
1047 3463 1163 3524 tandem

715 3564 816 3624 animo
831 3573 858 3623 δι
876 3562 1007 3638 confluo,
1020 3565 1090 3629 haec
1101 3569 1163 3652 ipsa

715 3658 1009 3749 aperirecrefiphoni
1024 3671 1163 3736 filiocon·

717 3769 805 3830 donat
818 3790 968 3850 peccatum
986 3781 1164 3841 &amicam

716 3873 860 3961 Laetique
875 3880 979 3942 abeunt
999 3899 1113 3948 omnes.
1148 3944 1158 3968 s

761 4001 776 4059 3
796 3979 825 4040 h.
836 4001 862 4042 e.
879 3982 971 4046 diruta
983 3987 1023 4044 est
1032 3993 1163 4053 maceria.

761 4111 782 4161 4
797 4088 910 4150 Ironice
929 4092 964 4152 src
978 4093 1061 4166 dicit,
1076 4073 1164 4178 quem

717 4192 817 4276 reapse
836 4199 954 4280 putabat
978 4197 1090 4265 servum
1110 4228 1162 4271 ne-

720 4326 817 4390 ΨΜ·
947 4375 953 4393 .

931 4498 1021 4577 Ha

1109 4671 1110 4674 Ὗ
1158 4658 1256 4796 Ι
