2809 5234
217 740 282 814 108
454 742 491 815 r.
541 692 941 816 rr'nrnrrr

218 900 366 974 Student
392 899 525 993 faeere,
543 904 577 976 in
599 901 797 999 apparando
820 901 1031 983 consumunt
1057 897 1177 979 diem:

160 1080 165 1089 .
217 1028 272 1097 D.
290 1025 387 1117 Quid
410 1028 543 1124 agitur,
567 1024 760 1099 Aeschine?
784 1026 844 1097 Ae.
863 1024 944 1099 hem
961 1079 973 1117 ,
993 1043 1095 1122 pater
1120 1026 1205 1121 mi,'

413 1160 452 1219 t'u
472 1149 528 1219 hic
554 1149 658 1220 eras?

213 1271 269 1340 D.
291 1269 389 1342 Tuus
406 1270 523 1343 hercle
537 1293 624 1343 vero
639 1285 674 1340 et
692 1265 832 1355 animo,
857 1282 892 1338 et
907 1283 1028 1367 natura
1043 1280 1151 1359 pater
1172 1279 1205 1356 ¹,

213 1393 292 1491 ¹Qui
312 1412 346 1465 te
371 1410 463 1465 amat
482 1393 581 1489 plus,
606 1412 710 1488 quam
726 1384 832 1459 hosce
857 1386 982 1461 oeulos
1000 1398 1025 1456 ².
1046 1382 1109 1457 sed
1131 1410 1202 1459 cur

405 1540 478 1586 non
505 1514 650 1586 domum
1176 1526 1195 1607 5

216 1638 373 1710 Uxorem
402 1633 562 1708 arceffis?
597 1635 657 1707 Ae.
687 1629 829 1730 cupio:
858 1654 982 1707 verum
1003 1630 1076 1704 hoc
1103 1628 1201 1706 mihi

410 1779 529 1829 morae
554 1753 628 1847 est,
1149 1770 1152 1775 '

216 1903 402 1990 Tibicina‚
431 1920 466 1974 et
487 1902 722 1998 hymenaeum
749 1901 811 2000 qni
830 1915 981 1973 cantent.
999 1902 1050 1970 D.
1072 1899 1180 1992 eh0,‘

213 2023 250 2104 Ν
253 2022 301 2092 in’
311 2042 350 2093 tu
371 2020 452 2092 huic
469 2017 539 2091 seni
552 2015 743 2091 auscultare
764 2019 876 2090 ³?Ac.
896 2012 1004 2115 quid?
1018 2016 1070 2085 D.
1086 2016 1199 2092 miffa

414 2142 498 2214 haec
517 2139 591 2214 face
609 2194 621 2232 ,

214 2284 484 2381 Hymenaeum,
515 2282 655 2371 turbas,
673 2283 875 2379 lampadas,
895 2280 1054 2371 tibieinas
1069 2298 1110 2351 ⁴:

216 2409 335 2500 Atque
360 2405 448 2475 hanc
475 2404 511 2474 in
534 2405 641 2477 horto
666 2405 848 2477 maceriam
876 2402 957 2477 iube
984 2402 1077 2476 dirui
1149 2431 1197 2482 to

159 2522 173 2541 ²
217 2529 399 2616 Quantum
415 2524 549 2622 potest:
565 2528 629 2598 hac
649 2523 809 2613 transfer,
824 2548 926 2597 unam
946 2523 999 2596 sac
1016 2526 1194 2600 domum:

215 2648 415 2731 Transduce
431 2669 466 2722 et
481 2670 648 2742 matrem,
664 2670 699 2725 et
718 2651 880 2724 familiam
895 2672 1039 2729 omnem
1053 2651 1100 2723 ad
1112 2673 1195 2724 nos.

416 2784 479 2849 Ae.
504 2777 644 2872 placet,

215 3079 287 3121 trem
327 3058 481 3120 habiturus.
525 3057 660 3140 ingredi·
744 3076 831 3121 verat.

213 3189 264 3228 cns
289 3190 357 3228 vero
374 3166 400 3226 se
427 3167 606 3225 commendat
625 3166 659 3225 ab
786 3190 801 3223 2
822 3166 978 3238 Aruinae,
992 3184 1089 3248 eoque
1106 3165 1199 3229 blan.

214 3297 312 3334 amore
333 3274 453 3347 Phanii,
475 3293 559 3356 quam
586 3270 657 3330 oiim
730 3259 805 3329 'dius
819 3278 846 3327 δι
865 3269 967 3328 maiori
989 3289 1052 3328 cum
1070 3269 1198 3335 affeetu.

212 3384 360 3457 vitiatam,
383 3403 459 3441 nunc
481 3402 598 3440 uxorem
611 3380 658 3440 fu·
783 3402 796 3458 3
814 3381 905 3440 Penes
927 3378 1006 3440 senes
1024 3380 1063 3438 cst
1084 3381 1194 3440 conii-

213 3504 306 3544 tutam
345 3489 529 3567 impatienter
571 3505 655 3545 amat.
738 3482 1196 3571 linm,quoutanturiuniorcs.

214 3584 298 3642 Idem
338 3606 405 3644 vero
436 3586 528 3645 subito
566 3586 658 3666 patrie
741 3587 847 3670 Neque
867 3590 892 3646 is
909 3607 966 3647 tam
980 3607 1035 3668 pro
1055 3605 1143 3667 patre
1166 3589 1198 3653 se

212 3684 330 3766 aspectu
343 3692 553 3765 consternatus,
565 3693 657 3753 statim
740 3714 839 3775 gerere
863 3691 977 3766 voluit,
999 3711 1086 3774 quam
1112 3701 1200 3759 ami·

212 3791 249 3849 ab
271 3811 306 3849 eo
320 3789 444 3851 laetitiae
466 3795 555 3855 datur.
741 3819 805 3857 cum
831 3795 979 3857 consilium
1007 3794 1083 3853 dare.
1124 3800 1200 3880 Qui

261 3919 271 3955 1
288 3897 383 3976 Quam
399 3920 464 3957 eum
478 3920 569 3960 totum
580 3902 659 3965 suum
743 3908 837 3987 magis
853 3900 968 3984 obsequi
980 3899 1081 3980 potuit
1096 3901 1169 3968 filio
1185 3914 1202 3976 ἒ

212 3999 304 4062 facere
323 4005 429 4078 studet,
443 4024 472 4063 ut
494 4006 655 4070 Micionem
737 4010 819 4068 Don.
840 4007 914 4067 nihil
932 4007 1035 4065 horum
1049 4008 1140 4076 vidit.

213 4111 341 4193 superet!
359 4125 387 4176 δε
402 4114 481 4176 illico
495 4115 656 4202 subiungit,
753 4195 756 4201 Ι
778 4142 798 4194 4
821 4100 981 4179 Senemniss
1004 4115 1078 4181 hm
1105 4122 1201 4200 fuere

212 4236 287 4298 quae
308 4218 418 4283 volenti
435 4219 480 4283 illi
499 4216 554 4285 effe
574 4223 656 4286 audi-
738 4224 770 4286 in
784 4222 903 4309 nuptiis.
