2809 5234
410 622 413 623 γ
581 622 626 623 77
711 622 893 631 aare,
2133 622 2141 623 a

437 712 444 720 -

984 987 1038 1056 A
1091 985 1161 1059 N
1211 973 1286 1057 D
1334 980 1394 1055 R
1444 981 1476 1054 1
1525 983 1605 1055 A.
2242 1006 2331 1085 19

419 1153 533 1222 Me
589 1145 876 1220 infensus
926 1145 1188 1236 servat,
1246 1171 1328 1219 ne
1377 1168 1579 1244 quam
1630 1136 1929 1217 faciam¹
1974 1144 2043 1218 in
2093 1147 2340 1247 nuptiis

754 1273 1099 1348 fallaciam.

419 1397 484 1470 Si
532 1395 841 1489 senserit,
901 1397 1131 1495 perii.
1177 1415 1289 1469 aut
1314 1445 1338 1484 ‚
1378 1391 1427 1466 fi
1476 1391 1759 1467 lubitum
1804 1392 2046 1485 fuerit,
2083 1392 2341 1475 causam

764 1523 1064 1620 ceperit,

423 1657 455 1694 ²
489 1648 656 1751 Quo
684 1647 822 1720 iure
845 1701 868 1737 ,
896 1663 1156 1746 quaque
1189 1643 1424 1717 iniuria
1450 1642 1875 1741 praecipitem
1910 1645 2115 1718 mein
2143 1644 2346 1747 pistri-

761 1794 921 1846 num
948 1769 1147 1849 dabit.

429 1896 532 1969 Ad
551 1896 711 1970 haec
729 1895 901 1971 mala
919 1897 1051 1969 hoc
1076 1893 1166 1992 mi
1191 1892 1454 1966 accedit
1477 1891 1715 1965 etiam·
1698 1874 1914 1967 duee
1938 1895 2190 1969 Andria
2206 1949 2230 1987 ,
2264 1914 2352 1972 ιο

425 2021 578 2097 Sive
594 2019 710 2096 ista
722 2045 922 2113 uxor,
938 2018 1082 2099 five*
1091 2020 1301 2092 amica
1322 2015 1417 2091 est
1443 2031 1466 2082 3
1484 2062 1508 2102 ‚
1521 2016 1792 2118 gravida
1809 2043 1847 2090 e
1864 2019 2212 2118 Pamphilo
2229 2020 2352 2099 est.

430 2145 811 2245 Audireque
831 2171 1066 2221 eorum
1092 2143 1186 2216 est
1213 2166 1457 2240 operae
1482 2142 1770 2238 pretium
1797 2144 2179 2219 audaciam.

429 2271 602 2343 Nam
649 2271 948 2367 inceptio
986 2268 1081 2342 est
1114 2267 1477 2341 amentium
1504 2314 1528 2352 ‚
1568 2265 1742 2339 haud
1768 2269 2128 2344 amantium
2154 2298 2179 2346 t

427 2395 780 2493 Quidquid
809 2393 1210 2493 peperiffet,
1244 2391 1693 2465 decreverunt
1728 2391 2010 2466 tolleret

431 2524 516 2594 Et
541 2518 799 2619 fingunt
835 2502 1216 2615 quandarn
1200 2539 1374 2590 inter
1396 2515 1463 2590 se
1490 2540 1666 2591 nunc
1698 2502 2062 2608 fallaciam,
2122 2536 2133 2543 '
2264 2524 2345 2622 ιζ

435 2647 678 2717 Civem
708 2642 993 2715 Atticam
1016 2640 1143 2712 efl'e
1175 2642 1364 2714 hanc.
1385 2657 1414 2700 ⁴
1448 2639 1598 2713 Fuit
1624 2634 1790 2713 olim
1824 2640 2092 2740 quidam
2121 2644 2355 2741 senex,

436 2770 808 2840 Mercator:
849 2785 1086 2838 navem
1114 2758 1167 2836 is
1191 2763 1384 2862 fregit
1410 2767 1584 2865 apud
1609 2764 1916 2838 Andrum
1944 2767 2257 2847 insulam:

438 2894 497 2967 Is
526 2891 695 2965 obiit
723 2907 1014 2989 mortem
1043 2918 1058 2956 ε
1089 2883 1180 2960 ibi
1208 2911 1350 2961 tum
1379 2889 1547 2962 hanc
1573 2880 1841 2965 eieciam
1871 2893 2213 2992 Chrysidis

438 3020 694 3092 Patrem
721 3011 1039 3110 recepisse
1062 3066 1086 3102 ,
1136 3010 1371 3085 orbam
1395 3066 1420 3102 ,
1459 3037 1756 3112 parvam.
1781 3015 2086 3093 fabulae!

440 3143 610 3216 Mihi
638 3142 910 3240 quidem
941 3136 1158 3214 hercle
1185 3160 1323 3211 non
1352 3135 1429 3208 fit
1455 3137 1830 3216 verifimile.
2267 3167 2359 3223 20

441 3267 644 3365 Atqui
677 3265 1319 3367 ipsis-commentum
1345 3264 1579 3361 placet.

442 3392 568 3464 Sed
593 3380 899 3489 Myfisoab
916 3408 992 3461 ea
1017 3386 1367 3486 egreditur.
1389 3409 1455 3461 at
1465 3412 1594 3486 ego
1615 3381 1770 3461 hinc
1785 3406 1894 3460 me
1917 3388 1998 3461 ad
2013 3388 2269 3485 foi-um,
2288 3416 2362 3470 ut

446 3515 866 3590 Conveniam
912 3512 1321 3611 Pamphilum
1349 3564 1371 3602 ,
1414 3537 1498 3586 ne
1528 3512 1611 3587 de
1639 3511 1762 3585 hac
1791 3534 1865 3586 re
1891 3530 2076 3611 pater
2102 3516 2364 3618 impru-

783 3639 1050 3711 dentem
1101 3637 1456 3736 opprimat.

534 3834 562 3875 ι
604 3813 859 3894 Quidam
906 3804 1070 3873 MSS.
1115 3814 1179 3874 &
1221 3811 1348 3875 edd.
1552 3830 1581 3894 3
1606 3810 1676 3873 Et
1692 3806 1804 3877 hoc
1829 3825 1957 3878 cum
1979 3812 2223 3901 quodam
2251 3839 2365 3882 tae·

450 3921 706 3980 omittum
732 3926 792 3979 70
827 3920 906 3979 in.
1468 3917 1564 3979 dio
1598 3922 1661 3984 &
1695 3922 2066 4008 indignatione
2100 3925 2368 3990 stomachi

538 4046 573 4085 2
594 4021 874 4085 Westerh.
905 4022 1055 4084 malit
1082 4044 1182 4104 quo
1200 4026 1349 4099 iure,
1467 4027 1824 4112 interrumpit.

452 4131 879 4216 quantumin,-
897 4144 1071 4213 praec.
1103 4130 1214 4191 διε.
1244 4131 1352 4194 Sed
1547 4157 1587 4210 4
1639 4134 1699 4197 A
1738 4136 2044 4200 narratione
2076 4138 2236 4200 trans
2237 4155 2260 4200 t
2299 4143 2371 4205 ad

452 4239 518 4306 δι
538 4248 596 4302 7ο
624 4262 758 4326 que,
774 4239 928 4328 qnod
949 4255 1168 4301 tuentur
1192 4238 1353 4302 MSS.
1467 4260 1582 4321 μιμ
1588 4262 1751 4315 mter,
1786 4246 1851 4306 δι
1883 4243 1963 4308 est
1995 4246 2122 4306 olim
2153 4238 2372 4313 fabiane

451 4349 655 4413 &edd
691 4364 831 4411 vett.
866 4348 948 4412 ὰ
963 4346 1121 4409 Prisc.
1155 4338 1219 4410 L.
1231 4347 1352 4425 ’,ι8
1467 4353 1768 4431 proprium

453 4458 573 4520 vim
610 4454 985 4521 dismnffivam
1020 4455 1203 4523 habet.
1887 4535 1943 4616 B
2114 4506 2121 4513 -

513 4574 518 4579 '
1993 4560 2035 4619 2
