2809 5234
2122 954 2328 1016 XXXX

418 1108 606 1180 Dum
641 1103 966 1197 tafiiviam
991 1093 1298 1173 nobilium
1322 1151 1343 1186 ,
1372 1094 1443 1170 δ’
1455 1095 1723 1191 fucofizs
1751 1103 1958 1171 laudes
1970 1104 2130 1195 petit
2151 1127 2180 1174 .·

423 1209 613 1279 Dum
640 1203 952 1293 Africani
983 1215 1000 1247 ¹
1039 1228 1244 1271 vocem
1271 1202 1555 1269 divinam
1585 1199 1793 1267 inhiat
1818 1190 2023 1270 avidis
2044 1204 2295 1273 auribus
2310 1221 2338 1273 ‚⁶

424 1304 616 1372 Dum
667 1302 758 1371 ad
799 1302 1057 1369 Furium
1088 1300 1163 1391 fi
1211 1298 1516 1366 comitare
1553 1292 1621 1367 G·
1665 1297 1943 1366 Laelium
1965 1349 1987 1386 ,
2015 1301 2339 1391 pulchrum

426 1499 617 1567 Dum
630 1495 703 1588 fi
731 1420 1052 1565 agssuab
1077 1492 1229 1585 hisce
1255 1440 1440 1564 credi}
1456 1534 1482 1577 ‚
1518 1494 1716 1563 crebro
1751 1493 1821 1560 in
1848 1493 2174 1561 Albanum
2200 1492 2343 1585 rapi

425 1593 768 1690 Obflorem
791 1595 1180 1683 aetatissuae
1200 1618 1226 1662 .·
1243 1592 1415 1685 ipsias
1431 1590 1711 1683 sublatis
1739 1590 1913 1658 rebus
1936 1591 2024 1657 ad
2021 1589 2341 1681 summam

428 1693 720 1782 Inopiam
758 1689 1032 1759 redaffus
1070 1690 1166 1791 est.
1227 1774 1234 1785 ι
1618 1689 1623 1696 ’

343 1870 350 1876 ,
433 1791 657 1881 ltaque
691 1814 721 1857 ι
764 1787 1078 1900 conspeHu
1112 1791 1396 1858 omnium
1434 1786 1591 1856 abiit
1613 1795 1642 1832 ²
1679 1785 1983 1861 Graecam
2022 1786 2092 1854 in
2129 1806 2349 1856 terram

432 1982 726 2052 Mortuus
776 1889 1428 2095 gffi'r'giympkalo
1443 2034 1470 2070 ‚
1527 1983 1847 2052 Arcadiae
1907 1982 2140 2074 oppido
2164 2005 2197 2053 ι
2249 1982 2357 2051 nil

426 2177 649 2268 Scipio
670 2078 1156 2270 profigffhnlizil
1182 2180 1242 2247 ιὲ
1272 2174 1559 2263 Laelius,
1600 2177 1707 2245 nil
1737 2176 1970 2246 Furius
1989 2201 2015 2246 .·

442 2276 588 2344 Tres
612 2299 725 2366 per
754 2275 915 2344 idem
955 2298 1193 2368 tempus
1221 2278 1329 2369 qui
1371 2279 1703 2370 agitabant
1738 2274 1974 2345 nobiles
1996 2272 2360 2365 facillima

436 2374 677 2442 Eorum
712 2375 813 2441 ille
851 2398 1034 2485 opera
1073 2401 1152 2447 ιιι
1192 2377 1444 2444 domum
1479 2376 1719 2468 quidem
1764 2372 1982 2442 habuit
2029 2371 2362 2444 conduffi-

817 2492 973 2539 uam
998 2520 1022 2559 ,
1932 2501 1939 2507 ·

442 2570 681 2638 Saltem
705 2589 778 2636 ut
802 2563 977 2662 effic,
1003 2595 1125 2661 quo
1159 2566 1393 2660 refirrec
1429 2558 1664 2640 obitum
1690 2566 1938 2638 domiui
1948 2563 2262 2659 firvulus.

541 2709 809 2806 Scripsit
861 2712 1245 2785 comoedias
1293 2714 1424 2785 sex.
1466 2739 1549 2785 ex
1592 2713 1831 2809 quibus·
1881 2711 2161 2808 primam
2189 2719 2358 2785 'An-

440 2807 652 2879 driam
696 2832 847 2880 cum
892 2810 1234 2882 Aedilibus
1283 2812 1510 2899 daret,
1552 2810 1751 2882 iussus
1801 2828 1950 2880 ante
1989 2810 2361 2885 3'Caecilio

444 2907 767 2990 recitare,
814 2905 898 2976 ad
949 2925 1339 2980 coenantem
1396 2932 1551 2980 cum
1602 2906 1926 2997 venisset,
1975 2908 2184 2980 dicius
2222 2906 2362 2996 est,

444 3003 709 3076 initium
742 3001 1013 3100 quidem
1055 3000 1316 3074 fabulae
1335 3058 1356 3089 ‚
1384 3005 1568 3098 quod
1599 3024 1738 3076 erat
1770 3007 2211 3078 contemtiore
2237 3031 2363 3079 ve·-

446 3100 637 3190 stitu,
681 3099 981 3174 subsellio
1026 3101 1208 3172 iuxta
1246 3102 1549 3173 lectulum
1591 3102 1873 3174 residens
1909 3102 2165 3201 legisse:
2210 3100 2364 3201 post

446 3221 697 3294 paucos
742 3224 915 3271 vero
957 3199 1181 3272 versus
1220 3198 1533 3273 invitatus
1574 3218 1648 3270 ut
1693 3201 2146 3290 accumberet,
2197 3224 2363 3276 coe-

447 3293 622 3366 nass'e
647 3319 772 3366 una
790 3349 813 3382 ‚
842 3296 1081 3368 deinde
1110 3320 1325 3370 cetera
1351 3296 1774 3394 percurrisse,
1804 3320 1939 3367 non
1970 3297 2101 3370 fine
2129 3321 2366 3394 magna

450 3391 728 3465 Caecilii
773 3393 1224 3467 admiratione.
1291 3397 1374 3467 Et
1426 3397 1599 3468 hanc
1647 3413 1908 3482 autem,
1951 3413 2017 3467 et
2069 3394 2368 3492 quinque

449 3488 734 3587 reliquas
759 3492 1117 3590 aequaliter
1147 3492 1405 3587 populo
1446 3492 1779 3590 probavit.
1823 3494 2162 3586 Quamvis
2194 3492 2364 3566 Vol-

451 3585 659 3662 catius
686 3589 769 3662 de
799 3591 1296 3664 enumeratione
1324 3588 1631 3665 omnium
1669 3589 1758 3661 ita
1797 3589 2076 3664 scribat:

688 3740 983 3808 sumetur
1018 3738 1276 3830 Hecyra
1298 3737 1495 3830 sexta
1528 3763 1611 3807 ex
1647 3734 1750 3808 his
1772 3737 2028 3828 fabula.
2055 3752 2090 3800 4

482 3941 486 3945 ’
534 3940 559 3980 1
575 3920 667 3981 Sic
679 3921 983 3985 beneMur.
994 3927 1137 4007 legit.
1151 3926 1268 3986 vul
1308 3976 1324 3991 .
1508 3929 1710 3991 Caerio.
1740 3926 1967 3994 Voffius
1990 3929 2059 3989 dc
2077 3923 2226 3989 Poet.
2245 3928 2366 3994 Lat.

455 4020 581 4060 voce
616 4001 826 4061 divina.
890 4002 1196 4064 Plautinum
1243 4028 1274 4069 e
1500 4010 1714 4069 mavult
1738 4011 1920 4071 Acilio
1953 4010 2129 4070 aedili.

458 4102 644 4140 aurum
662 4081 885 4142 inhiare.
1585 4113 1624 4165 4
1683 4091 1913 4173 Hecyra
1971 4091 2193 4170 quidem
2245 4107 2370 4151 ante

541 4184 574 4222 2
600 4162 769 4244 Vulg.
782 4162 924 4222 male
944 4164 1003 4222 in
1026 4166 1325 4240 Graeciam,
1502 4171 1891 4233 Phormionem
1933 4170 2061 4229 data
2107 4172 2204 4230 suit
2219 4215 2240 4241 ,
2276 4171 2370 4233 sed

460 4241 518 4301 in
548 4261 665 4307 terr.
701 4243 799 4303 ult.
845 4243 964 4305 Iam
996 4244 1147 4308 Mur.
1175 4249 1328 4327 prius
1506 4250 1589 4310 bis
1616 4254 1842 4323 exaGa,
1878 4255 2097 4310 tertium
2135 4253 2260 4315 data
2302 4275 2367 4314 ac

454 4324 513 4382 in
532 4341 889 4407 expunxerat.
1503 4334 1721 4414 peracta
1759 4331 1883 4416 post
1924 4332 2328 4398 Phormionem.

544 4424 575 4486 3
633 4405 727 4469 Sic
776 4407 928 4471 Mur.
969 4409 1162 4492 aliique
1219 4430 1327 4492 pro
