2809 5234
263 858 339 936 ὀμ
528 838 568 912 P.
615 835 1011 943 rrnrnrrr

423 1023 628 1098 Atros
680 1030 723 1100 V.
774 1027 975 1100 scm
1030 1030 1130 1104 rt·

198 1212 202 1220 '
296 1188 649 1313 muster-mm,
678 1222 919 1315 cunnum,
945 1224 1201 1315 mortum,-

647 1342 877 1416 nummio,

262 1450 475 1677 N.QUis
489 1536 647 1613 nominat
656 1563 713 1610 me
723 1542 737 1613 ?
747 1543 780 1610 c.
793 1536 892 1612 hem!
906 1543 953 1614 N.
970 1540 1054 1639 quid
1063 1539 1148 1616 istuc
1158 1559 1236 1625 tur-1

402 1747 404 1750 y
462 1661 526 1734 bae
541 1658 590 1733 est
603 1712 616 1752 ,
634 1658 782 1734 obsecro
800 1675 839 1751 ²,

261 1787 404 1873 Mivlr?
418 1791 465 1861 P.
481 1786 583 1860 ehem
608 1784 693 1886 quid
715 1808 808 1860 nunc
825 1783 1018 1884 obstipuisti
1037 1791 1073 1863 t?
1093 1795 1141 1864 N·
1156 1790 1234 1890 quis

452 1914 510 1991 hie
526 1915 637 1991 homo
655 1912 705 1989 est
719 1912 767 1990 ⁴?

288 2150 588 2239 {Haescenapetotat
598 2159 707 2217 crimen

260 2265 426 2328 Chremetis
437 2265 546 2345 bigami
554 2261 704 2330 Phormio,

258 2369 348 2433 index
363 2388 460 2430 coram
471 2366 502 2426 N
503 2364 640 2427 aufissrata
654 2363 707 2421 do-

259 2478 339 2538 mina
366 2483 395 2533 &
422 2491 511 2532 uxore
527 2468 700 2530 Chremetis.

258 2576 430 2651 Narrationi
444 2573 514 2634 fides
526 2570 579 2631 etit
599 2595 633 2632 cx
642 2570 706 2655 ipsa

258 2683 451 2764 trepidatione
463 2682 513 2740 tei.
528 2679 558 2739 N
561 2679 700 2741 ausrsttnta

258 2777 372 2839 tuernor
391 2801 512 2855 eorum,
527 2803 600 2865 quae
619 2781 705 2864 supra

258 2891 421 2964 audiverat,
431 2901 459 2950 St
472 2913 547 2951 nunc
559 2893 703 2966 edoctior,

258 2998 393 3062 muliebri
412 3020 492 3058 more
517 3001 637 3080 corripit
660 3001 705 3058 vi-

258 3118 334 3173 rum.
359 3111 439 3171 Astat
454 3110 540 3169 Dent.
560 3130 636 3168 nunc
648 3131 703 3190 pa-

258 3237 361 3278 tronus
373 3217 482 3290 fratris,
492 3217 648 3296 deprecans
657 3236 704 3273 te-

257 3325 356 3394 rtiam,
378 3323 435 3381 hoc
455 3323 600 3391 maxime,
620 3320 699 3404 qnod

257 3427 382 3487 emedio
395 3418 543 3484 excefferat
552 3421 604 3481 illa
614 3423 700 3480 Lem-

257 3532 330 3604 nia;
351 3528 397 3587 sed
420 3523 585 3608 priusquam
609 3526 699 3585 mari·

258 3655 304 3696 tus
322 3633 410 3692 hodie
423 3634 454 3690 in
474 3631 594 3714 gratiam
619 3631 700 3688 tedi-

256 3758 330 3808 ret,
361 3757 529 3818 opportune
561 3735 703 3796 Phormio

249 3864 386 3909 'umorem
409 3844 563 3905 Phaedriae
583 3867 701 3920 nuttat,

255 3974 381 4037 eumque
401 3972 466 4012 cura
484 3957 645 4035 argentaria
663 3953 701 4014 li-

253 4064 355 4135 berat,
374 4060 452 4145 quod
475 4082 539 4121 cum
563 4065 697 4147 indigna-

255 4187 336 4228 retur
357 4184 461 4246 pater,
484 4187 572 4226 mater
588 4167 699 4229 facilius

145 4306 147 4311 ·
256 4272 610 4356 pheatunimmoeomiee
618 4273 701 4334 Phae·

254 4381 350 4447 altitu
360 4377 470 4459 filium,
488 4381 539 4465 qui
553 4379 625 4445 olim
636 4401 702 4467 ege·
732 4465 736 4476 ι

789 2173 832 2216 tar
853 2148 1007 2235 patronum
1029 2153 1232 2236 Antiphonis,

786 2257 854 2319 facit
873 2260 998 2321 iudicem
1017 2281 1151 2343 paternae
1164 2282 1234 2321 cau·
1308 2316 1315 2329 ,

789 2361 852 2436 sae,
867 2382 898 2426 ut
908 2362 1016 2431 distant
1027 2385 1137 2446 patres,
1151 2365 1233 2447 quod

785 2467 960 2533 Nausistrata
987 2470 1151 2554 fignificat,
1176 2492 1233 2531 nos

788 2596 857 2634 vero
882 2578 975 2659 verbis
1000 2576 1142 2639 luvenalis
1171 2578 1233 2637 Sat.

789 2678 887 2753 XIV,
914 2694 950 2759 56
975 2684 1129 2743 addimus:
1153 2683 1233 2740 Unde

787 2788 833 2845 tihi
847 2784 961 2862 frontem
978 2789 1167 2863 libertatemque
1171 2804 1229 2861 pa-

782 2876 890 2966 remis,
925 2893 989 2950 Cum
1013 2888 1106 2968 facias
1138 2890 1231 2968 peiora

782 3002 874 3081 senex.

826 3098 970 3170 aVident
991 3103 1084 3166 subito
1102 3126 1231 3189 pugnam

788 3217 882 3276 fratris
894 3215 1022 3288 &affinis
1031 3237 1095 3275 curn
1105 3215 1232 3299 quodam

786 3320 917 3395 homine,
929 3323 1041 3384 clamat.

826 3443 840 3499 3
865 3423 1004 3481 Phormio
1027 3444 1131 3505 repens
1156 3422 1230 3481 liher

785 3524 886 3583 irridet
913 3526 993 3597 viro,
1013 3527 1063 3608 qui
1084 3546 1160 3584 nunc
1179 3528 1232 3588 stat

785 3630 879 3709 eapite
896 3618 1028 3710 obstipo,
1041 3630 1051 3709 (
1062 3631 1169 3689 inflexo
1179 3633 1231 3690 de·

787 3731 928 3820 milleque
946 3737 977 3795 io
996 3737 1070 3797 latus
1085 3737 1230 3820 )mulruttr

786 3847 891 3908 {imilis'
911 3850 1067 3925 metuenti,
1095 3871 1125 3912 ut
1150 3852 1228 3914 Hor.

785 3957 825 4018 ait
845 3946 935 4019 Serm.
956 3959 1001 4032 ll,
1027 3980 1061 4034 5,
1081 3979 1129 4027 92.
1156 3957 1229 4018 Inde

782 4067 840 4126 ianr
871 4074 972 4129 retisa
1004 4065 1033 4126 se
1061 4066 1228 4146 indicatur;

743 4221 748 4232 .
787 4168 823 4230 ts.
842 4170 910 4233 Sall.
930 4170 995 4233 Cer.
1011 4189 1038 4246 3.

826 4303 845 4353 4
872 4277 960 4342 Haud
986 4295 1105 4343 noverat
1131 4279 1226 4351 Phor„

770 4366 925 4463 ntimo.
946 4460 953 4475 ἱ
