2809 5234
117 622 126 650 l

465 823 792 900 HECYRA.
1075 846 1146 930 275

177 984 358 1067 Disiunxit
372 989 472 1062 illum
492 987 535 1060 ab
555 987 637 1077 illa,
656 985 842 1086 postquam
866 1002 902 1061 et
921 985 992 1086 ipse
1008 987 1064 1081 se,

176 1115 222 1187 Et
239 1114 333 1187 illam
347 1167 360 1204 ,
376 1131 411 1186 et
427 1100 537 1198 hanc',
549 1135 639 1210 quae
652 1111 751 1185 domi
764 1129 859 1202 erat,
872 1117 1044 1210 cognovit
1060 1111 1152 1192 satis.

176 1240 233 1313 Ad
248 1240 446 1337 exemplum
464 1250 477 1283 ¹
496 1236 676 1310 amrbarum
689 1261 806 1331 morer
815 1257 933 1310 earum
945 1237 1153 1319 existimans.

177 1371 273 1440 Haec
292 1388 327 1458 ²,
359 1367 407 1438 ita
427 1365 479 1438 uti
499 1363 632 1437 liberali
653 1361 721 1435 effe
740 1363 881 1462 ingenio
902 1362 1027 1455 decet,

178 1492 341 1583 Pudens,
358 1487 535 1579 modesta,
561 1487 787 1560 incommoda
807 1505 912 1586 atque
935 1488 1080 1564 iniurias
1105 1513 1157 1589 90
1242 1500 1245 1507 '

177 1612 257 1685 Viri
282 1613 417 1685 omneis
439 1609 553 1699 ferre,
579 1627 615 1681 et
636 1624 754 1706 tegere
768 1607 1009 1684 contumelias.

178 1732 246 1807 Hic
273 1733 407 1823 animus
430 1729 557 1828 partim
581 1728 702 1802 uxoris
724 1723 961 1804 misericordia

179 1856 379 1947 Devictus,
404 1855 530 1956 partim
558 1853 671 1927 vidus
691 1853 794 1927 huius
810 1853 980 1958 iniuria,

179 1977 350 2054 Paulatim
368 1974 485 2074 elapsu
497 1975 546 2050 'st
564 1974 745 2064 Bacchidi3
762 1993 867 2075 atque
888 1975 1155 2055 huictranstulit

182 2111 373 2195 Amorem,
390 2102 574 2202 postquam
592 2128 654 2201 par
669 2103 847 2216 ingenium
863 2106 981 2183 nuilus
996 2108 1055 2184 est.
1108 2130 1156 2211 95

187 2243 197 2288 ³
216 2229 352 2300 Interea
370 2227 407 2299 in
427 2227 547 2301 Imbro
574 2228 726 2301 moritur
743 2245 912 2328 cognatus
930 2229 1035 2306 senex

182 2345 360 2419 Horunc’:
387 2371 427 2417 ea
450 2348 493 2418 ad
517 2348 586 2420 hos
611 2348 746 2423 redibat
766 2349 842 2448 lege
859 2350 1042 2428 hereditas.
1106 2434 1108 2438 .

182 2469 237 2539 Eo
259 2483 432 2539 amantem
459 2468 611 2541 invitum
634 2471 852 2568 Pamphilum
872 2475 1028 2548 extrudit
1045 2466 1159 2573 pater.¹

183 2586 367 2687 Relinquit
387 2614 469 2662 cum
494 2590 681 2666 matre‘hic
700 2619 849 2669 uxorem
866 2621 877 2670 r
902 2620 983 2672 nam
999 2618 1016 2662 ⁴
1033 2597 1138 2674 senex

183 2762 263 2847 phili
288 2762 499 2844 defensionem
513 2775 540 2828 ἀ
554 2766 637 2829 simul

183 2891 273 2954 poeta
299 2892 366 2934 cum
387 2872 496 2935 summa
520 2875 634 2935 ratione

184 2999 288 3041 uxores
305 2980 408 3053 docet,
419 2983 633 3067 quomodofer·

184 3105 216 3146 re
236 3086 376 3162 debeant,
398 3088 505 3172 sibique
529 3091 633 3150 adiun-

157 3235 171 3319 ι
181 3212 252 3278 gere
269 3198 365 3272 viros,
382 3219 399 3259 a
414 3197 520 3284 quibus
540 3198 634 3284 negli-

184 3320 305 3382 guntur.

236 3406 437 3483 rintssvirae3
460 3403 633 3469 laefatte

186 3519 472 3582 ambarumiudicans
481 3518 633 3600 ingenium

186 3630 209 3691 s.
234 3631 381 3701 animum,
414 3630 455 3686 uti
485 3626 574 3706 Syrus
604 3628 637 3682 in

185 3737 293 3798 Heaut.
322 3735 426 3809 11‚a,
448 3755 487 3806 ²4
501 3731 587 3814 sq.&
606 3749 635 3791 v.

188 3862 227 3914 ῃ
250 3841 313 3927 sqq.

229 3970 245 4006 2
272 3946 334 4007 Iam
353 3961 443 4027 poeta
465 3941 564 4001 uxoris
595 3940 636 3999 vi·

188 4067 249 4111 tam
261 4057 289 4108 dt
309 4068 343 4107 ex
361 4069 395 4108 ea
412 4046 562 4128 ingenium
583 4063 636 4125 pa·

188 4157 248 4219 lam
258 4154 396 4226 laudans,
408 4173 481 4238 quae
491 4153 635 4212 contraria

187 4279 269 4319 erant
285 4261 316 4319 in
335 4256 485 4318 meretrice
504 4272 583 4312 caute
597 4272 638 4310 ta·

190 4360 453 4431 renunciandum
462 4374 640 4438 amorquem

717 2767 1162 2851 Pamphmbhaeadillamtrm·

716 2873 845 2947 stulerit‚
869 2875 916 2936 vel
945 2877 998 2959 ips
1030 2877 1161 2940 Philotio
1229 2957 1238 2962 -

715 2980 860 3043 excusatus
873 2981 903 3042 stt
915 3027 927 3054 ,
949 2991 976 3042 &
991 2985 1059 3042 iude
1081 2986 1163 3047 simul

716 3091 772 3149 viri
789 3091 955 3174 ingenium,
977 3112 1027 3170 par
1040 3094 1162 3176 ingenio

716 3201 836 3275 uxoris,
858 3199 887 3261 h.
910 3220 935 3260 e.
952 3199 1087 3276 liberale,
1110 3225 1162 3286 ap·

715 3323 823 3385 pareat.

760 3427 773 3485 3
798 3403 905 3467 Adhuc
922 3401 1091 3488 exposuerat
1106 3403 1162 3468 ser·

696 3536 784 3589 'vus,
801 3536 851 3576 cur
863 3515 965 3577 dixerit
982 3513 1067 3598 supra
1081 3539 1107 3577 v.
1123 3524 1161 3577 26

718 3622 841 3706 Pamph.
886 3623 990 3686 habere
1032 3648 1164 3690 uxorem.

717 3733 750 3794 N
753 3754 808 3794 unc
817 3734 977 3798 ostensurus
986 3783 997 3811 ‚
1005 3760 1053 3799 cur
1065 3761 1163 3801 verea-

717 3858 785 3913 tur,
806 3859 835 3899 ut
855 3841 953 3903 firmae
978 3844 1088 3908 futurae
1110 3848 1162 3909 sint

718 3942 848 4022 nuptiae.

760 4066 779 4117 4
793 4042 821 4104 h.
834 4065 860 4105 e.
872 4042 928 4106 sed.
946 4046 1025 4110 Mira
1037 4070 1106 4109 vero
1124 4077 1165 4114 ot-

716 4176 829 4226 ωομιι
861 4171 950 4231 poeta
977 4153 1074 4215 senem
1096 4159 1163 4224 facit

720 4249 893 4332 plerumque
910 4250 1070 4331 absentem3
1084 4259 1165 4342 quisi
1229 4274 1233 4287 '

720 4347 857 4437 praesens
875 4351 997 4504 insurbe
1010 4358 1165 4438 manuscr,

962 4459 982 4504 2
