2809 5234
286 750 359 847 33⁶
549 710 1037 822 uminum

284 915 444 987 Uxorem
463 926 474 959 ¹
501 908 633 983 habes?
649 925 711 982 aut
728 908 856 1008 quibus
876 925 1047 981 moratam
1067 896 1244 984 moribus
1266 911 1288 986 ἒ

283 1038 362 1112 Nos
389 1061 433 1108 ne
453 1037 522 1108 hoc
539 1022 670 1107 celutos
697 1035 830 1106 tamdiu
848 1027 889 1106 *l
911 1057 1051 1133 nequeo
1069 1031 1185 1123 satiS,

284 1163 402 1254 Quam
426 1160 497 1232 hoc
516 1160 603 1231 mihi
623 1160 764 1233 videtur
778 1156 905 1231 saelum
928 1174 1064 1255 prave,
1082 1156 1284 1260 proloqui.

282 1284 349 1355 Pl.
379 1282 463 1355 Non
491 1276 556 1350 tibi
582 1276 669 1348 illud
695 1275 822 1349 sallum
845 1276 959 1351 minus
988 1275 1128 1373 placet,
1164 1298 1280 1376 quam

473 1401 579 1490 mihi,
605 1402 733 1474 Laches
753 1421 777 1474 ⁵.

1228 1424 1276 1503 25

282 1531 345 1603 Pa.
361 1520 532 1600 Etiamlie
552 1521 682 1595 dudum
708 1494 820 1597 suerit
841 1523 1041 1623 ambiguum
1057 1522 1130 1598 hoe
1159 1521 1275 1619 mihi,

323 1725 337 1768 1
355 1704 514 1788 indignans
523 1701 561 1762 ob
570 1699 694 1763 celetum
708 1722 725 1762 a

278 1804 437 1894 Myrrhina
463 1827 577 1892 partum
600 1822 731 1867 contem-

283 1918 338 1979 tim
366 1918 436 1977 dicit
462 1917 528 1998 quid
545 1913 661 1975 mulkris
681 1937 731 1976 ux.

280 2023 333 2087 sees
352 2046 450 2087 tamen
468 2018 562 2083 verbis
578 2040 729 2105 temperat,

278 2150 343 2218 quo
354 2128 449 2192 minus
457 2130 572 2214 gravius
588 2130 730 2210 dicatpes-

276 2240 373 2322 fimum
385 2237 515 2298 mulierem
524 2236 551 2297 (ν
559 2234 627 2294 male
638 2255 728 2293 mora·

277 2363 335 2406 tam
345 2367 394 2405 ux.
404 2343 492 2405 hahes.
506 2339 637 2400 Coniicit
646 2335 733 2399 telem

279 2470 315 2513 ex
332 2446 498 2531 pravissimo
511 2444 602 2507 fusto.

277 2534 283 2547 ⁸
321 2555 402 2612 zint.
412 2544 624 2633 oportuit.Hoc
633 2567 731 2610 autem

278 2659 402 2722 refertur
410 2661 445 2719 ad
454 2654 726 2742 praegnantemfiuffi.

322 2760 726 2847 3llaecc0nstrusiio‚quam·

279 2878 325 2940 vis
341 2873 457 2958 elegans
472 2871 501 2933 sit
516 2918 524 2945 ,
539 2881 566 2932 &
582 2871 618 2932 ad
631 2870 730 2932 mode·

280 2988 419 3048 satiorem
439 2981 581 3062 Phidippi
602 2981 731 3040 animum

279 3093 398 3162 exusta,
418 3085 568 3147 offensioni
582 3109 726 3170 gramma·

279 3198 343 3258 ticis
356 3197 519 3275 &interpp
535 3191 596 3252 fuit.
614 3193 726 3251 Donati

280 3319 372 3385 nugas
404 3300 566 3370 mittimus;
592 3295 640 3355 sed
663 3295 725 3356 fim-

278 3405 395 3492 pliciter
434 3407 606 3488 'exponimus
640 3406 727 3466 minus

274 3520 364 3598 placet
394 3533 446 3596 per
476 3512 559 3597 magis
598 3512 721 3594 displicet.

278 3621 362 3684 Hinc
379 3619 473 3682 sensus
487 3647 495 3680 ε
507 3622 541 3681 Si
556 3621 603 3679 tibi
622 3621 668 3680 hoc
680 3621 725 3679 do·

279 3724 334 3797 set,
351 3727 383 3783 id
390 3744 456 3785 certe
470 3729 543 3800 mihi,
556 3726 631 3802 viro,
643 3729 727 3810 magis

278 3829 356 3891 dolet.
370 3827 476 3889 Eadem
491 3829 615 3892 formula
639 3834 727 3893 utitur

276 3935 343 3996 Cic.
362 3935 447 3997 deor.
467 3929 669 4008 ll‚4Ctallum
683 3937 727 3995 in-

279 4043 387 4107 ducens
401 4043 500 4129 loqui:
510 4068 555 4128 ego
570 4049 637 4105 enim
650 4070 723 4107 nun-

278 4171 358 4229 quam
378 4149 440 4207 mihi
455 4151 556 4224 miuus,
580 4169 658 4232 quum
676 4153 724 4212 he·

166 4234 173 4247 ’
279 4251 362 4328 sl‘mv
375 4252 426 4322 die,
429 4251 534 4332 placui,
547 4251 724 4340 linuuquun

811 1701 884 1762 mihi
898 1704 989 1785 magis
1003 1701 1161 1787 displicui,
1176 1727 1268 1791 quam

812 1798 893 1883 leti,
914 1806 933 1867 s.
952 1807 971 1867 si
992 1808 1112 1891 quidem
1134 1833 1270 1896 unquam

814 1915 888 1975 mihi
912 1914 1067 1998 displicui,
1094 1917 1160 1978 heri
1191 1939 1269 1980 ceree

814 2024 948 2085 maxime.
969 2022 1215 2106 Comparativum
1235 2046 1267 2086 e·

813 2127 943 2212 legantes
966 2129 1002 2189 fic
1018 2130 1136 2204 ufitari,
1155 2152 1187 2193 ut
1204 2134 1266 2192 vim

810 2231 978 2314 superlativi
989 2235 1109 2310 habeat,
1122 2240 1190 2323 quis
1208 2263 1263 2302 ne-

814 2337 893 2401 scit?
914 2341 975 2401 lam
994 2342 1078 2413 vide,
1099 2363 1129 2404 ut
1155 2363 1263 2407 temere

813 2444 910 2542 Beutb
931 2447 1060 2508 inveniat
1082 2469 1089 2504 ι
1112 2452 1182 2513 Noa
1202 2453 1264 2513 mili

813 2542 884 2610 illud
906 2541 935 2630 s
963 2553 1050 2613 minus
1073 2553 1162 2630 dolet,
1185 2580 1262 2638 quam

817 2658 881 2732 tibi,
901 2658 936 2718 L.

850 2784 870 2834 4
882 2757 1002 2840 Pamph.
1014 2752 1108 2821 secum
1117 2760 1262 2849 loquitur.

811 2864 929 2932 Etiamsi
953 2870 1060 2931 dudum
1085 2873 1263 2939 dubitaxim,

814 2978 1015 3041 reduceremne
1038 2994 1164 3051 uxorem,
1189 2979 1263 3046 mihi

809 3088 932 3150 amatam
946 3077 984 3169 (fi
1001 3110 1097 3170 partus
1113 3091 1263 3156 celatus&

810 3194 954 3275 exposuus
972 3195 1098 3278 fuerit),
1117 3221 1154 3258 an
1180 3224 1263 3275 non,

807 3299 957 3382 ambiguus
996 3291 1055 3360 scil.
1089 3308 1201 3366 amotis
1233 3317 1264 3368 &

808 3399 938 3480 honesti3
973 3426 1049 3465 nuuc
1075 3428 1169 3472 certus
1198 3413 1260 3475 sum

806 3514 841 3574 de
868 3498 928 3572 nun
959 3513 1135 3592 reducenda,
1167 3544 1261 3607 quum

808 3619 934 3706 sequitur
949 3642 1021 3705 puer
1034 3645 1093 3683 non
1111 3647 1146 3684 ex
1153 3651 1201 3689 me
1210 3654 1262 3694 na·

810 3745 865 3792 tus.
892 3728 982 3792 Poeta
998 3753 1063 3792 eum
1079 3729 1195 3817 semper
1212 3728 1261 3802 sa-

808 3838 866 3910 cit,
887 3837 937 3922 qui
955 3859 1083 3898 amorem
1104 3843 1205 3902 uxoris
1222 3856 1261 3905 e'x

808 3942 907 3999 animo
928 3962 1011 4023 aegre
1031 3941 1164 4004 dimittat.
1195 3938 1259 4009 Da·

806 4047 892 4107 cieria
906 4071 957 4124 per
966 4050 1091 4112 ironiam
1099 4054 1140 4113 ita
1152 4052 1259 4119 dixisse

805 4172 886 4233 putat
901 4152 1102 4236 Pamphilum,
1124 4158 1173 4223 fibi
1191 4184 1257 4225 non

804 4255 998 4320 cunctandum
1015 4250 1088 4339 effe,
1110 4283 1188 4327 nunc
1206 4283 1257 4328 te·
