2809 5234
2104 998 2359 1051 xxxvu

309 1216 314 1220 .
427 1142 640 1239 speilo
663 1163 1022 1241 argumento
1035 1141 1200 1235 fiire
1221 1142 1505 1213 debemus
1538 1141 1704 1211 lianc
1742 1135 1847 1237 effi
1872 1124 2157 1211 virtutem
2193 1142 2363 1213 Poe·

447 1243 641 1312 ticam
660 1290 684 1327 ,
712 1264 784 1311 ut
815 1270 860 1313 a
893 1240 1240 1339 noviffi'mis
1269 1241 1623 1335 argumenti
1657 1240 1829 1309 rebus
1872 1238 2180 1330 incipiens
2220 1241 2361 1309 ini-

447 1342 606 1409 tium
628 1336 894 1429 fabulae
938 1334 1006 1408 G·
1052 1341 1346 1431 originem
1397 1339 1713 1406 narrative
1760 1338 1972 1405 reddat
1998 1336 2363 1427 speilatori-

455 1440 567 1507 bus
586 1460 613 1503 .·
637 1434 1056 1528 auiloremque
1076 1432 1445 1526 praefintem
1460 1432 1593 1529 stbi
1615 1435 1904 1504 exhibeat
1922 1485 1945 1520 ‚
1972 1435 2079 1501 ubi
2102 1434 2264 1521 finis
2289 1433 2370 1530 est

442 1530 727 1623 fabulae.
755 1535 920 1603 hunc
950 1532 1118 1602 enim
1147 1533 1417 1601 ordinem
1455 1526 1521 1603 G·
1555 1534 1845 1601 circulum
1875 1532 2144 1622 poeticae
2168 1533 2365 1618 artis,

456 1635 557 1699 vel
594 1632 850 1703 virtutis
889 1654 1021 1699 non
1061 1630 1244 1701 modo
1268 1629 1477 1722 secuti
1499 1630 1661 1719 fiant
1706 1630 1992 1723 Tragici,
2035 1630 2369 1720 'comicique

455 1726 765 1799 auderes:
791 1726 918 1818 sed
953 1726 1268 1797 Homerus
1319 1730 1509 1796 etiam
1560 1720 1627 1796 δ’
1672 1727 1970 1821 Virgilius
2017 1747 2367 1797 tenuerunt.

457 1822 850 1919 Divis'tonem
874 1822 1122 1895 aHuum
1147 1827 1220 1893 in
1247 1826 1499 1893 Latinis
1515 1823 1765 1914 fabulis
1802 1823 2195 1917 internoscere
2226 1822 2367 1911 dif-

439 1921 608 2010 ficile
639 1921 734 2023 est.
785 1922 1044 2015 causam
1085 1923 1216 1991 iam
1255 1924 1494 1991 dudum
1537 1920 2104 2020 demonstravimus.
2178 1922 2371 1990 Unde

341 2066 352 2083 .
452 2040 686 2104 autem,
721 2041 838 2089 aut
867 2046 992 2112 quo
1021 2022 1243 2102 modo,
1279 2022 1575 2112 quamvis
1605 2044 1816 2111 aegre,
1853 2040 2059 2087 tamen
2101 2018 2371 2112 intelligi

451 2116 854 2229 distinguique
883 2114 1148 2211 pffnt‚
1179 2118 1259 2213 est
1298 2143 1510 2208 operae
1533 2118 1801 2208 pretium
1838 2119 2045 2187 dicere.
2120 2116 2372 2184 Princi-

440 2239 548 2301 pto
572 2216 894 2285 dicendum
920 2214 1028 2312 «fi,
1059 2216 1306 2283 nullam
1339 2212 1662 2305 personam
1696 2206 1971 2308 egreffi'tm
2007 2212 2373 2304 quinquin,

453 2314 616 2379 ultra
664 2314 833 2379 exire
880 2306 1074 2407 poffi.
1153 2314 1280 2380 Sed
1323 2313 1439 2379 illa
1486 2335 1544 2379 re
1581 2314 1935 2401 plerumque
1992 2311 2375 2398 decipimur,

453 2408 622 2497 quod
647 2406 980 2499 personam
1017 2432 1156 2475 cum
1195 2411 1493 2491 tacuerit,
1527 2403 1810 2504 egreffam
1836 2404 2008 2494 falfi>
2025 2427 2327 2494 putamus
2343 2430 2374 2475 .·

454 2530 610 2595 quae
651 2504 1066 2573 nihilominus
1104 2505 1179 2572 in
1201 2504 1524 2597 profitenio
1562 2526 1773 2573 tacens
1807 2504 2098 2593 loquendi
2134 2524 2373 2593 tempus

454 2598 780 2690 exy'peilat.
817 2600 936 2699 Est
967 2601 1158 2695 igitur
1191 2622 1419 2673 attente
1455 2602 2068 2671 animadvertendum
2082 2649 2106 2688 ,
2133 2601 2241 2668 ubi
2254 2649 2278 2686 ,
2307 2594 2375 2669 ἆ

459 2697 713 2787 quando
727 2696 926 2788 scena
961 2696 1270 2792 vacuafit
1295 2700 1375 2765 ab
1411 2701 1701 2769 omnibus
1720 2696 2006 2789 perfimis
2024 2721 2052 2764 .·
2096 2696 2260 2767 utin
2301 2722 2376 2765 ea
2490 2686 2515 2711 ⁸

457 2794 678 2860 chorus
697 2841 718 2875 ‚
754 2795 856 2861 vel
876 2793 1093 2863 tibicen
1125 2795 1332 2863 audiri
1357 2792 1561 2888 poffi't.
1611 2796 1777 2888 quod
1817 2821 1957 2865 cum
2003 2793 2376 2880 viderimus,

463 2889 556 2959 ibi
596 2885 801 2958 adum
847 2886 961 2985 ιβξ
990 2888 1255 2977 finitum
1299 2893 1579 2961 debemus
1629 2892 1965 2988 agnofiere.
2022 2889 2378 2979 Confundit

439 2987 634 3079 stupe
668 2983 937 3057 lefforem
976 2988 1081 3073 id,
1118 2989 1285 3079 quod
1306 2988 1571 3080 persona
1606 2991 1680 3059 in
1700 2990 2011 3081 superiori
2025 2988 2224 3077 fiena
2264 2990 2377 3057 de-

437 3084 663 3183 sinens
679 3137 700 3168 ‚
733 3079 800 3155 6·
837 3085 908 3153 in
932 3085 1237 3176 proxima
1276 3087 1582 3176 incipiens
1627 3091 1800 3181 loqui
1845 3113 1975 3157 non
2016 3087 2384 3179 intelligitur

462 3179 723 3280 ingrss‘a
741 3209 766 3252 .-
794 3185 965 3274 quod
998 3182 1198 3276 ipfitm
1248 3187 1618 3276 experientes
1636 3185 1865 3284 statim
1907 3186 2266 3253 diiudicant
2305 3185 2381 3252 de

465 3307 654 3349 nrum
689 3305 763 3349 ac
796 3302 1129 3371 temporum
1155 3285 1524 3375 quantitate.
1549 3281 1746 3380 potest
1765 3283 1925 3350 enim
1933 3284 2072 3371 fieri
2108 3301 2178 3347 ut
2213 3273 2279 3346 G*
2283 3278 2383 3375 sit

463 3372 716 3474 ingreſja
753 3404 830 3447 ac
868 3377 1087 3473 egreffa
1108 3426 1131 3462 ‚
1170 3407 1358 3472 quam
1390 3407 1585 3471 prave
1630 3379 1929 3449 credimus
1969 3379 2042 3444 de
2069 3375 2381 3467 proscenio

468 3501 598 3543 non
625 3501 746 3545 rece
800 3472 914 3572 βξ.
957 3475 1141 3577 Ροβξ
1162 3500 1366 3547 autem
1390 3482 1611 3571 quinto
1643 3477 1839 3570 egredi
1861 3472 2222 3567 personam,
2247 3500 2382 3543 nort

468 3567 532 3641 δ’
571 3598 706 3642 nece
760 3572 790 3642 ξ
841 3569 946 3671 effi
997 3578 1314 3646 dicimus:
1370 3598 1443 3644 ut
1487 3596 1781 3665 appareat
1827 3577 1991 3641 ultra
2041 3573 2207 3640 exire
2249 3598 2384 3642 non

460 3668 623 3768 poffi
643 3696 670 3740 .·
715 3673 786 3740 in
839 3672 1183 3766 Tragoedia
1217 3668 1282 3742 G·
1313 3676 1572 3764 parcius
1612 3672 1777 3738 exire
1804 3665 1870 3739 6·
1885 3671 2078 3764 solere
2106 3672 2385 3762 pariter,

467 3764 533 3839 G·
567 3771 755 3839 licere.
808 3769 1067 3841 Primus
1103 3768 1277 3840 aHus
1312 3772 1386 3839 in
1422 3771 1682 3837 Andria
1717 3771 2132 3839 narrationem
2162 3771 2384 3837 Simo-

469 3868 573 3934 nis
604 3868 779 3955 apud
795 3866 1037 3961 Sosiam
1059 3871 1334 3937 continet
1366 3866 1760 3960 argumenti:
1789 3872 1955 3958 quod
1972 3870 2241 3957 populus
2270 3869 2386 3933 hae

468 3958 775 4054 occasione
794 3963 1087 4051 perdiscit
1103 3988 1128 4032 .·
1157 3992 1310 4033 mox
1337 3970 1637 4057 querelam
1673 3967 1849 4056 apud
1851 3964 1926 4055 fi
1957 3963 2151 4033 Davi
2178 3965 2250 4031 de
2274 3964 2388 4030 do-

470 4059 670 4141 mino,
701 4051 768 4127 δ’
796 4059 1062 4127 eiusdem
1087 4087 1226 4129 cum
1256 4065 1509 4131 domino
1536 4064 1711 4131 verba
1731 4088 1756 4131 .-
1786 4057 1852 4131 6·
1887 4063 2091 4148 rursus
2116 4062 2386 4127 eiusdem

455 4155 629 4249 servi
663 4156 1154 4225 deliberationem
1200 4162 1361 4248 quid
1405 4186 1599 4230 rerum
1642 4182 1832 4253 gerat.
1900 4158 2170 4225 Secundi
2213 4155 2386 4225 ailus

475 4255 619 4323 haec
641 4253 824 4347 fient.
894 4255 1155 4325 Charini
1190 4258 1370 4325 verba
1391 4261 1601 4350 primo
1642 4283 1779 4325 cum
1822 4256 2035 4324 Birria
2059 4252 2236 4343 servo
2260 4305 2283 4340 ‚
2321 4250 2388 4324 ἃ

464 4353 604 4452 post
633 4380 772 4424 cum
815 4354 949 4447 ipso
995 4355 1335 4445 Pamphilo
1375 4358 1451 4424 de
1497 4356 1735 4444 nuptiis
1757 4378 1783 4419 .-
1832 4352 2155 4441 Pamplzili
2189 4352 2393 4445 firmo

475 4477 614 4523 cum
640 4474 816 4546 patre
847 4455 990 4524 dolo
1019 4450 1457 4547 constntientis
1486 4453 1559 4521 in
1584 4451 1865 4544 nuptias.
1905 4451 2149 4523 Birriae
2174 4456 2348 4527 verba
2367 4475 2392 4520 .·

1883 4573 2001 4644 ⁶3
