2809 5234
409 768 504 846 'AD
554 770 946 846 HECYRAM.
1094 793 1163 871 405

196 939 302 1022 pariter
313 937 420 1020 faciam
437 941 508 999 hunc
532 960 655 999 amorem·
673 932 803 1001 Verum
822 934 896 1018 quis
907 929 983 998 talia
993 926 1096 1015 ferat,
1111 928 1169 998 nifi

201 1023 446 1095 Grammaticus
470 1030 565 1113 inops
589 1021 713 1092 confini
737 1029 768 1091 δι
792 1027 937 1090 amoris?
955 1032 1072 1110 Operam
1105 1032 1169 1088 dare

200 1125 306 1198 amori,
328 1142 393 1185 non
417 1116 542 1186 missum
568 1114 675 1185 facere
705 1138 870 1194 amorem,
884 1113 938 1181 sed
957 1143 1047 1180 amare
1064 1112 1171 1201 ipsum

198 1205 257 1274 est.
277 1226 349 1276 tum
381 1208 409 1278 F
411 1232 496 1280 aero.
514 1212 579 1276 iam
606 1207 712 1291 vidit,
730 1205 939 1275 incommode
959 1206 999 1274 fic
1024 1212 1094 1293 post
1117 1218 1171 1275 tot

201 1297 384 1369 trochaicus
399 1305 510 1372 venire
531 1299 709 1373 iambicum
730 1301 942 1367 odonarium.
963 1297 1073 1366 Bentl.
1093 1299 1172 1366 hino

197 1414 259 1479 pro
277 1390 335 1459 suo
353 1397 488 1484 ingenio
508 1390 684 1462 emendans
712 1400 776 1477 Quo
796 1418 842 1480 ego
866 1417 924 1454 eam
940 1398 1049 1476 confilio
1067 1396 1172 1476 mrfficm

194 1486 270 1568 feci,
284 1494 373 1550 eodem
391 1494 455 1551 huic
467 1511 574 1572 operam
588 1492 658 1570 dabp
666 1533 676 1564 ,
692 1507 807 1572 parum
826 1481 906 1550 scite
931 1483 1091 1550 medetur.
1105 1480 1169 1550 Sed

200 1575 369 1645 audiamus
384 1575 475 1645 Don.
496 1575 649 1666 ambigue
662 1575 741 1643 haec
753 1571 972 1662 explicantem
987 1598 995 1644 :
1012 1583 1044 1640 Si
1059 1575 1169 1657 idem,

199 1675 303 1755 ego;fi
320 1668 449 1751 eidem,
471 1676 521 1735 stoc
537 1675 572 1755 est
581 1715 594 1743 ‚
607 1677 701 1733 amori.
723 1666 800 1736 Nos
816 1675 899 1732 eidem
918 1666 1144 1753 amplestimur
1156 1713 1172 1742 ‚

199 1758 336 1846 persuasr
354 1771 382 1834 Ἰ,
401 1769 465 1827 huic
484 1757 650 1855 ingestpm
669 1758 733 1828 esse
759 1761 799 1828 ab
809 1759 975 1847 iilis,qui
996 1765 1065 1823 idem
1078 1757 1172 1849 lege·

199 1869 292 2007 rant.h
304 1849 434 1921 Omiffo
446 1855 549 1944 igitur
569 1859 633 1917 huic
653 1852 804 1939 procedit
824 1854 856 1917 δι
870 1848 980 1919 sensus
1001 1853 1122 1938 aptior,
1137 1855 1171 1919 δι

201 1960 271 2009 troc
295 1967 395 2012 arcus·
666 1968 668 1974 ·

243 2058 318 2125 pag.
334 2060 397 2127 309
408 2034 466 2103 lin.
481 2059 509 2103 1·
525 2037 691 2118 cadaverosa
699 2036 786 2119 fircr'e.
800 2029 853 2100 Sic
864 2029 980 2101 Faern.
995 2056 1036 2099 ex
1051 2016 1171 2100 Bembr

198 2129 232 2191 ur
256 2124 349 2194 Don.
368 2127 518 2195 restituit.
535 2123 600 2194 Sed
623 2122 735 2195 Bentl.
757 2146 816 2213 pro
832 2121 889 2194 sua
902 2122 1097 2214 sapientiai
1113 2123 1171 2192 lu-

199 2214 311 2283 bidine
333 2217 412 2285 facit
437 2223 608 2307 lentiginosa.
1271 2225 1273 2228 ’
1295 2224 1302 2242 ’

244 2330 321 2396 pag.
349 2307 492 2396 3181in.
528 2315 558 2375 6.
593 2333 624 2374 ru
653 2317 742 2376 virum
764 2335 814 2378 me.
831 2305 958 2392 Aptius
980 2304 1079 2374 idad
1101 2304 1171 2374 sto-

198 2395 372 2482 machum,
396 2404 428 2467 &
457 2402 564 2488 magis
596 2399 693 2470 virile
727 2397 830 2468 edidit
863 2396 978 2471 Faern.
1008 2423 1068 2487 pro
1106 2423 1171 2464 rure

198 2492 320 2555 virute.

245 2603 322 2669 pag.
347 2579 484 2667 3211in.
507 2577 549 2648 18
569 2578 615 2667 sq·
633 2578 752 2672 Vulgo
774 2577 885 2649 versus
911 2577 951 2648 src
975 2579 1171 2648 ordinatur:

202 2678 291 2756 magis
310 2676 382 2736 hum.
404 2678 457 2757 est,
473 2700 553 2759 quam
576 2680 640 2736 dare
657 2699 701 2760 op.
723 2679 755 2737 id
761 2677 853 2755 scire,
868 2679 916 2758 qui
937 2701 987 2737 nos
1015 2680 1117 2757 oderit3
1133 2673 1169 2737 in'

200 2783 269 2847 quo
293 2763 489 2848 exponendo
509 2762 659 2831 laborant
680 2766 821 2852 interpp.
833 2760 924 2828 Donr
937 2763 1071 2851 quidem
1087 2759 1170 2829 nihil

197 2849 309 2932 affert,
320 2852 407 2939 unde
415 2855 544 2923 versum
554 2852 750 2943 sensumque
762 2859 833 2922 eius
841 2852 987 2934 ordines,
999 2853 1055 2920 nifi
1070 2852 1172 2921 haec:

197 2941 287 3031 Qui,
301 2944 388 3013 unde
409 2952 456 3011 vel
469 2946 692 3035 quamobrem.
709 2955 750 3012 Et
770 2957 834 3011 resse
843 2973 857 3023 ;
872 2973 947 3010 nemo
971 2953 1040 3010 enim
1059 2951 1170 3025 dolens,

198 3042 272 3120 quod
291 3046 345 3101 riou
358 3061 481 3112 amatur,
495 3047 527 3103 id
537 3043 628 3125 finit,
644 3065 697 3124 quo
724 3046 812 3125 magis
826 3044 889 3101 odio
895 3043 943 3121 fit.
958 3035 1114 3104 Datieria
1128 3033 1170 3102 ad

121 3131 126 3140 '
197 3124 279 3192 hanc
300 3147 444 3195 mentem
466 3126 541 3196 satis
556 3129 690 3218 pulchre
703 3131 934 3216 interpretatur
950 3148 959 3195 :
974 3136 1020 3195 Ne
1039 3134 1171 3193 vaudror‘e

197 3223 223 3281 il
231 3243 286 3303 pas
298 3227 389 3284 mieux
409 3223 552 3300 drffimuser
573 3226 632 3286 cela
641 3267 652 3294 ,
670 3249 720 3308 que
738 3230 770 3286 de
787 3223 863 3306 faire
876 3242 936 3284 rant
952 3227 984 3285 dc
1004 3228 1092 3300 bruit,
1109 3225 1171 3303 afirt

197 3307 267 3394 qu'il
282 3337 352 3375 nous
374 3316 466 3398 haiffc
489 3311 616 3382 Verum
637 3311 676 3380 stc
693 3325 724 3386 ‘rr
742 3317 815 3397 scire
831 3311 935 3402 vulgo
954 3311 1041 3379 male
1063 3315 1170 3378 inter·-

196 3403 330 3487 ponitur
344 3400 479 3471 diffloni
489 3401 570 3474 Ter.
590 3414 655 3471 dare
673 3432 780 3492 optram
799 3411 845 3478 id,
859 3411 905 3489 qui
918 3413 932 3480 (
946 3426 1005 3490 pro
1019 3430 1072 3489 quo
1086 3400 1106 3468 l.
1117 3423 1170 3487 αῖς

196 3491 235 3557 cs
255 3490 361 3563 Andr.
386 3493 429 3575 11,
450 3518 480 3575 r,
540 3503 571 3562 dc
593 3497 622 3563 8.
644 3495 762 3576 >unde
790 3494 939 3582 delapsus
964 3493 1010 3561 est
1035 3492 1171 3563 Fabrini

197 3586 286 3658 (cui
303 3585 430 3653 accedit
506 3585 651 3665 esterh.)
673 3587 713 3656 ad
737 3588 834 3656 aliam
861 3589 1051 3668 rationem,
1079 3584 1170 3675 quasi

195 3671 306 3742 sensus
323 3673 360 3743 srt
376 3696 385 3743 τ
401 3690 500 3762 quam
519 3676 595 3745 dare
614 3701 769 3763 operam,
790 3696 827 3745 ut
847 3677 1045 3764 proseratur,
1062 3698 1169 3766 utque
1289 3732 1292 3738 ,

195 3765 320 3833 inimici
332 3765 430 3834 nostri
445 3766 479 3833 id
491 3766 592 3837 sciant
597 3800 608 3848 ,·
620 3787 720 3857 atque
732 3768 906 3846 laetentur.
927 3766 1053 3836 Verum
1066 3794 1170 3837 nemo

195 3877 344 3942 unquam
365 3866 429 3924 dare
448 3884 555 3945 operam
571 3856 755 3929 ¹coniunxit
779 3884 853 3928 cum
877 3859 944 3927 aiio
967 3861 1069 3930 verbo
1090 3862 1169 3927 infi-
1261 3859 1266 3872 “

194 3950 288 4030 nitu,
309 3957 342 4014 id
358 3953 459 4033 scire(
476 3950 583 4030 alios)
601 3960 659 4039 pro
680 3958 782 4042 urscia
827 3960 898 4040 ,qui
914 3981 964 4018 nos
983 3959 1110 4033 oderint,
1134 3959 1168 4020 δε
1268 4002 1270 4007 -

193 4037 236 4106 fic
258 4045 408 4128 oportuit
427 4041 492 4108 dici
508 4052 627 4110 oderunt.
644 4043 699 4113 Ac
725 4067 824 4133 pauro
845 4065 920 4112 ante
946 4043 1072 4112 dixerat
1087 4067 1169 4132 poe-

194 4150 252 4212 ta,
270 4160 302 4198 ea
317 4144 331 4212 (
347 4133 436 4220 quod
457 4131 566 4203 Benti·
593 4155 720 4205 temere
741 4137 858 4218 delet,
882 4134 964 4202 nihil
980 4148 1168 4204 ceterorum

194 4224 363 4305 iudicans)
381 4232 441 4314 diff
454 4255 519 4310 nos,
535 4227 565 4294 h.
579 4252 608 4296 e·
627 4246 664 4298 ut
678 4228 772 4297 Don.
783 4233 849 4304 ait,
863 4235 1044 4317 ignorantiam
1053 4233 1167 4317 fingere·

193 4310 310 4404 ltaque
339 4319 474 4392 tandem
495 4329 524 4392 s·
541 4324 633 4410 scire,
654 4322 745 4413 quod
760 4321 842 4394 'loco
860 4339 990 4392 motum
1017 4339 1105 4406 erat,
1127 4322 1167 4392 in

926 4410 1020 4497 00³.
