2809 5234
950 752 958 786 l

505 838 828 914 urcrnn
1075 832 1141 928 m5

165 1007 317 1109 ⁴Agendi
331 1024 468 1102 tempus
486 1003 572 1075 mihi
594 1001 714 1074 datum
735 996 805 1069 est:
827 994 930 1069 vobis
942 994 1045 1071 datur

147 1140 151 1152 '
180 1133 334 1210 Potestas
352 1125 610 1203 condecorandi
631 1123 733 1195 ludos
749 1118 904 1194 scenicos
923 1137 948 1192 ¹.

180 1255 301 1329 Nolite
322 1251 456 1341 sinere,
479 1272 542 1346 per
558 1270 627 1322 vos
644 1263 755 1318 artem
778 1243 939 1316 musicam

156 1378 158 1382 ’
178 1374 349 1454 Recidere
363 1373 407 1447 ad
423 1393 577 1468 paucos:
597 1365 721 1458 facite,
736 1390 776 1443 ut
795 1365 913 1441 vostra
933 1364 1148 1440 audoritas²

180 1504 281 1575 Meae
302 1496 497 1571 audoritati
517 1515 527 1557 ³
545 1491 674 1566 fautrix
693 1491 914 1589 adiutrixque
935 1489 986 1563 stt.
1100 1509 1149 1579 40

180 1648 198 1693 ⁴
214 1629 248 1701 Si
269 1649 447 1725 nunquam
462 1646 566 1698 avare
586 1619 687 1693 statui
711 1619 863 1717 pretium
885 1617 952 1696 arti
971 1640 1088 1702 meae3

182 1751 227 1819 Et
237 1772 317 1819 eum
330 1745 395 1817 elle
405 1742 582 1843 quaestum
594 1742 630 1815 in
640 1741 794 1813 animum
806 1740 926 1813 induxi
938 1763 1152 1833 maxumum,

183 1872 303 1963 Quam
325 1891 487 1941 maxume
512 1862 641 1939 servire
658 1860 787 1936 vostris
807 1859 1026 1935 commodis:

182 1990 291 2069 Sinite
309 1988 493 2085 impetrare
516 2009 591 2076 me,
612 1985 673 2084 qui
693 2004 704 2045 τ
729 1987 766 2056 iu
788 1985 936 2064 tutelam
957 2007 1070 2055 meam

182 2111 342 2192 Studium
354 2110 604 2202 suurn,.et‚sein
614 2110 769 2203 vostram
781 2109 952 2185 connisa
967 2107 1071 2185 fidem
1082 2161 1092 2198 ,
1104 2127 1150 2205 45

181 2243 236 2320 Ne
277 2266 387 2333 eum,
420 2240 700 2319 circumventum
734 2240 884 2339 inique,
919 2237 1032 2337 iniqui
1076 2237 1155 2310 irri-
1205 2312 1209 2319 ι

385 2364 490 2436 deant
507 2375 533 2437 ⁶.

184 2489 265 2559 Mea
286 2484 385 2557 causa
403 2483 538 2558 causam
555 2487 700 2585 accipite
718 2509 760 2580 7,
780 2504 815 2561 et
829 2486 908 2561 date
922 2486 1108 2582 silentium,

1273 1968 1315 2003 Α

183 2611 235 2685 Ut
249 2607 372 2726 lubeat
396 2607 543 2687 scribere
558 2610 653 2702 aliis,
671 2611 825 2715 mihique
849 2630 888 2689 ut
906 2608 1036 2687 discere

227 2899 240 2939 ι
271 2878 411 2959 Quicum
439 2881 517 2944 inter
541 2879 626 2940 ludos

184 2983 365 3068 Megalenses
393 2986 628 3060 celebrabantur,

183 3091 351 3155 observante
365 3095 448 3155 Don.
457 3097 593 3158 Intererat
607 3101 628 3159 i·

183 3201 261 3283 gitur
274 3200 426 3284 religionis
439 3248 450 3274 ,
462 3202 538 3264 ludis
549 3208 628 3267 iraa-

184 3300 275 3379 desle,
288 3325 318 3365 ur
327 3325 478 3387 poetarum
486 3308 628 3382 studium,

181 3415 210 3470 ἀ
230 3406 267 3467 stc
280 3407 365 3473 decus
384 3405 460 3474 ludis
477 3409 537 3473 istis
550 3431 622 3471 con·

182 3514 348 3580 servaretur.

225 3643 241 3684 a
257 3621 441 3700 Spedatores
455 3622 515 3683 scil.
529 3627 629 3683 austo-

182 3744 228 3784 aes
238 3721 300 3781 suut
314 3728 455 3802 probandi
463 3726 581 3789 fabulas.
590 3728 627 3788 Et

182 3831 216 3895 in
224 3830 392 3889 auctoritate
403 3829 559 3889 srnmlinest
567 3831 628 3896 laue

182 3936 352 4022 prudentiae
366 3933 386 3996 s.
407 3933 626 4018 intelligentiae.

227 4069 240 4126 3
260 4047 336 4108 Cum
349 4045 390 4106 sui
405 4045 507 4108 fiducia
526 4048 627 4109 nititur

182 4147 296 4215 seniore
308 4149 496 4220 auctoritate,
517 4169 574 4232 qua
586 4150 627 4208 uri

185 4257 258 4318 olim
273 4257 435 4319 Caecilium
458 4259 577 4325 restituit
594 4262 627 4324 in

183 4362 303 4442 locum,
318 4367 359 4429 ita
370 4365 459 4426 hodie
472 4366 505 4426 iu
521 4365 627 4427 tuendo

713 2879 855 2943 Terentio
880 2881 979 2940 uritur.

758 3015 776 3064 4
789 2989 863 3049 Tres
877 2987 971 3048 versut
985 2984 1047 3067 sqq.
1068 3002 1157 3064 poeta

715 3102 773 3161 iarn
796 3097 907 3158 dederat
943 3095 1048 3155 Heaut.
1077 3091 1155 3173 prol
1237 3090 1245 3104 ’

711 3212 837 3281 48--5o.
858 3204 977 3284 Quanto
991 3220 1084 3261 autern
1100 3200 1155 3260 ho-

709 3311 816 3369 nestior
831 3319 857 3370 &
869 3305 1038 3388 popularior
1050 3304 1102 3363 suit
1111 3325 1155 3364 ac-

709 3429 805 3471 torum
820 3411 976 3491 princepe,
997 3427 1076 3467 tanto
1090 3427 1155 3488 gra·

705 3519 770 3576 rior
783 3517 873 3576 videri
886 3516 980 3575 debuit
994 3517 1103 3575 audior.

754 3621 921 3700 5Rcsertur
940 3622 976 3682 ad
991 3644 1048 3687 eum
1062 3646 1088 3681 v.
1105 3643 1154 3696 40.
1215 3606 1219 3620 ⁸

754 3738 770 3787 6
800 3727 956 3810 Eleganter
976 3729 1062 3814 usque
1081 3729 1154 3790 ludit

717 3835 750 3895 in
762 3833 867 3895 uerbis.
885 3834 941 3893 sed
955 3835 1043 3915 inique
1055 3838 1089 3895 ad
1102 3840 1156 3895 cir-

711 3957 797 3997 cumv.
820 3935 944 4012 refeta53
962 3958 1049 4020 quare
1069 3939 1154 3995 iuret-

712 4048 844 4108 cidintua.

753 4172 770 4219 7
795 4149 823 4209 h.
849 4173 874 4210 e.
896 4151 1002 4222 favete,
1034 4169 1153 4233 operam

710 4259 783 4319 date.
797 4258 915 4319 Patroni
930 4259 990 4320 scil.
1002 4279 1060 4321 erat
1070 4306 1079 4337 ,
1088 4282 1154 4324 cau·

704 4366 764 4447 firm
785 4368 909 4449 arripere.
