2809 5234
1018 911 1859 988 ADELPHI.·
2238 937 2327 1012 73

414 1081 659 1156 Meum
716 1073 1028 1151 officium
1102 1074 1341 1148 facio:
1380 1075 1576 1173 quod
1635 1095 1998 1171 peccatum
2054 1099 2094 1147 a
2142 1076 2348 1152 nobis

792 1217 1036 1272 ortum
1076 1195 1217 1289 est,
1247 1198 1531 1296 corrigo
1571 1224 1592 1267 ε

367 1339 376 1353 ·’
410 1326 554 1401 Nifi
588 1322 639 1397 fi
671 1348 782 1396 me
809 1322 881 1396 in
905 1323 1034 1397 illo
1055 1322 1400 1398 credidisti
1445 1324 1582 1399 ess‘e
1629 1323 1997 1399 hominum
2025 1351 2348 1419 numeru,

806 1447 928 1544 qui
968 1446 1065 1519 ita
1117 1464 1416 1545 putant,

416 1568 557 1643 Sibi
611 1567 762 1643 fieri
807 1568 1141 1642 'iniuriam
1212 1561 1404 1644 tiltro
1438 1621 1466 1661 ,
1503 1566 1552 1640 fi
1583 1620 1610 1658 ‚
1641 1591 1850 1666 quam
1895 1565 2124 1645 fecere
2164 1567 2290 1666 ipss
2326 1624 2352 1663 ,

810 1688 1247 1788 expostules:

415 1816 504 1886 Et
542 1812 736 1888 ultro
789 1812 1133 1888 accusant.
1191 1813 1265 1887 id
1293 1811 1460 1912 quia
1499 1837 1645 1886 non
1687 1811 1785 1886 est
1825 1836 1864 1885 a
1903 1837 2014 1886 me
2046 1811 2351 1907 factum,
2452 1854 2467 1864 ·

804 1935 945 2034 agis
984 1960 1073 2009 ne
1119 1935 1370 2034 gratias
1395 1938 1431 2005 ’ἓ
1828 1963 1837 1974 “
2166 2003 2174 2011 .
2314 1959 2347 2034 5

421 2064 511 2135 H.
560 2059 717 2152 Ah,
759 2059 1042 2137 minime
1069 2084 1476 2158 :nunquam
1517 2078 1589 2133 te
1619 2059 1861 2150 aliter,
1897 2077 2108 2159 atque
2152 2085 2250 2150 ες,
2279 2058 2353 2131 in

803 2182 1111 2256 animum
1177 2181 1422 2254 induxi
1491 2206 1749 2254 meum.

412 2302 546 2375 Sed
592 2301 850 2401 quaeso
880 2356 906 2393 ‚
945 2320 1025 2375 ut
1061 2325 1202 2373 una
1261 2324 1539 2375 mecum
1584 2300 1672 2371 ad
1719 2314 2010 2373 matrem
2066 2293 2354 2390 virginis

791 2450 903 2498 eas
928 2480 954 2515 ‚
1002 2424 1219 2498 Micio
1246 2475 1267 2510 ‚

416 2551 652 2646 Atque
703 2548 911 2623 istaec
945 2551 1185 2622 eadem
1216 2603 1241 2640 ‚
1277 2573 1459 2648 quae
1505 2546 1680 2621 mihi
1708 2545 1922 2633 dixti,
1978 2561 2130 2618 tute
2171 2542 2358 2617 dicas

812 2670 1087 2742 mulieri
1116 2725 1142 2762 ‚
2072 2677 2074 2681 ’

415 2790 892 2889 Suspicionem
947 2792 1125 2866 hanc
1168 2804 1461 2890 propter
1500 2791 1786 2865 fratrem
1824 2788 2001 2882 effe,
2045 2790 2191 2866 eius
2222 2788 2358 2863 effe

425 2916 432 2921 ”
790 2914 980 2993 illam
1010 2911 1387 3013 psaltriam‘.

416 3043 523 3114 M.
569 3039 639 3112 Si
684 3040 780 3113 ita
826 3066 1130 3140 aequom
1170 3040 1402 3116 censes
1423 3097 1448 3131 ,
1483 3059 1604 3116 aut
1644 3042 1738 3115 ita
1769 3068 1949 3141 opus
1979 3039 2076 3112 est
2125 3037 2305 3110 faflo
2333 3092 2359 3129 ‚

808 3187 1065 3239 eamus.
1127 3166 1224 3237 H.
1266 3163 1446 3235 bene
1482 3162 1691 3236 facis:
2271 3182 2393 3249 ιο,-

417 3286 599 3359 Nam
635 3304 706 3360 et
734 3285 837 3358 illi
875 3285 1183 3358 animum
1235 3286 1370 3359 iam
1410 3284 1820 3378 rellevabis,
1853 3309 2030 3384 quae
2064 3284 2359 3373 dolore,

753 3396 757 3407 ¹
803 3434 885 3482 ac
920 3408 1189 3484 miseria

417 3532 740 3609 Tabescit
762 3588 787 3625 ‚
836 3551 906 3604 et
938 3551 1017 3604 tu
1071 3532 1309 3607 officio
1344 3531 1558 3606 fueris
1602 3530 1895 3602 funfflus.
1925 3526 2043 3601 sed
2080 3528 2127 3600 fi
2159 3527 2360 3600 aliter

813 3679 1057 3752 putas»,

414 3779 720 3874 Egomet
773 3779 1071 3849 narrabo
1114 3803 1293 3876 quae
1337 3780 1508 3850 mihi
1555 3779 1750 3850 dixti.
1817 3781 1922 3852 M.
1975 3766 2192 3852 infimo
2223 3802 2358 3875 ego

809 3893 953 3966 ibo.
996 3900 1076 3965 H.
1126 3894 1302 3966 bene
1351 3897 1567 3969 facis:

423 4116 526 4155 nes
565 4092 838 4153 honestos
859 4139 878 4165 ,
926 4091 1167 4161 alterum
1194 4093 1305 4154 hu·-
1475 4096 1592 4171 do;
1624 4096 1909 4183 plenaque
1934 4104 2012 4160 est
2047 4102 2355 4162 sentcntia-

425 4228 657 4267 manum
690 4251 708 4280 ,
763 4203 1004 4266 alterum
1053 4205 1310 4282 bonum3
1476 4228 1638 4280 rum,
1671 4210 1734 4266 in
1763 4213 1970 4292 quibus
2001 4213 2145 4273 inest
2177 4211 2356 4274 officii

426 4314 577 4375 inter
594 4338 741 4400 quos
763 4314 928 4376 facile
946 4319 1218 4377 convenit
1244 4319 1313 4377 de
1479 4317 1909 4380 demonstratio.

428 4442 664 4505 peccato
695 4423 973 4487 Aeschini
1010 4426 1310 4510 corrigen-
