2809 5234
214 855 291 924 250
482 829 523 906 P.
571 828 965 907 TERENTII

206 999 300 1068 Faxo
319 990 381 1065 tali
393 989 433 1065 fir
448 992 636 1084 martarus,
656 1013 761 1094 atque
778 994 856 1084 hic,
874 993 1089 1069 infortunio.¹

206 1115 344 1189 Redeat
372 1115 450 1188 sane
478 1117 514 1188 in
543 1119 687 1215 gratiam
718 1143 728 1187 ι
755 1116 823 1188 iam
850 1115 995 1214 supplici
1020 1115 1103 1192 satis
1137 1119 1195 1194 est

406 1239 514 1311 mihi:
1138 1268 1194 1336 40

208 1360 325 1436 Habet
337 1361 443 1484 haec3
463 1361 496 1433 ei
509 1361 628 1458 quod,
649 1360 733 1440 dum
745 1360 844 1436 vivat
861 1359 991 1462 usqne,
1005 1363 1050 1437 ad
1063 1389 1191 1439 aurem

401 1481 588 1575 ogganniat
609 1498 631 1549 ¹.

210 1604 259 1676 N.
272 1604 320 1674 At
332 1625 413 1674 meo
424 1600 551 1672 merito
570 1617 583 1648 ²
602 1600 721 1673 credo.
736 1604 821 1700 qnid
840 1631 906 1704 ego
919 1633 1011 1682 nunc
1027 1635 1067 1681 ea
1085 1635 1192 1692 com·,

402 1749 618 1815 memorem,
638 1726 844 1823 Demipho,

211 1867 438 1966 Singulatim,
456 1870 566 1968 qualis
586 1895 653 1969 ego
673 1871 708 1944 in
733 1871 825 1944 hunc
847 1871 1000 1949 fuerim?
1023 1881 1075 1947 D.
1098 1879 1193 1956 novi

409 2019 520 2094 aeque
537 1997 654 2068 omnia

214 2139 351 2213 Tecum
369 2159 394 2214 ¹.
409 2145 456 2214 N.
476 2144 603 2216 merito
622 2144 692 2214 hoc
712 2166 793 2214 meo
807 2142 950 2216 videtur
969 2140 1122 2215 fastum?
1144 2158 1196 2224 D.

359 2363 362 2378 Ι
413 2266 568 2339 minume
583 2267 765 2363 gentiunt:

220 2412 379 2500 Verum,
398 2410 540 2509 quando
552 2408 621 2484 iam
636 2409 829 2486 accusando
846 2410 921 2485 fieri
936 2412 1097 2485 infertum
1114 2441 1193 2491 non

412 2531 551 2631 potest,
570 2525 573 2529 .
1141 2565 1189 2640 45

218 2652 374 2751 Ignosce.
417 2676 516 2749 orat,
536 2659 749 2751 confitetur,
774 2680 909 2760 purgat.
942 2662 1026 2761 quid
1048 2662 1101 2735 vis
1117 2689 1195 2735 am·

417 2782 537 2878 plius?
912 2792 941 2835 ⁸

222 2924 269 3000 P.
284 2922 496 3018 Enimvero,
516 2930 611 3026 prius
626 2953 730 3028 quam
748 2929 832 3001 haec
849 2928 908 2999 dat
923 2926 1086 3018 veniam,
1106 2927 1197 3005 mihi

420 3049 628 3148 prospiciam
650 3071 685 3124 et
707 3052 891 3124 Phaedriae
908 3070 934 3122 ⁴.

225 3285 490 3350 auuorefmerist
506 3287 668 3349 infortunii.
752 3290 828 3349 festo
850 3314 909 3349 non
928 3313 1004 3351 eram
1020 3291 1137 3362 merira3
1150 3313 1201 3353 cu.

226 3394 302 3454 Mor
318 3397 412 3454 ruinae
432 3393 564 3451 intrantis
577 3391 671 3451 seho-
754 3395 798 3452 ius
822 3393 966 3452 beneficiis
995 3392 1091 3451 multis
1112 3393 1200 3458 aliter

228 3503 317 3560 minis
333 3499 398 3560 satis
418 3501 592 3559 conveniunt
606 3521 671 3559 cum
753 3498 925 3579 respondere
938 3499 1031 3556 debuit
1049 3499 1108 3557 iste.
1187 3569 1191 3577 q

228 3604 265 3663 iis
280 3649 288 3677 ,
304 3626 376 3686 quae
398 3602 483 3689 supra
500 3605 547 3678 11,
561 3606 623 3678 4de
644 3603 673 3665 se
800 3624 813 3682 3
836 3603 922 3662 Sic&
936 3600 1026 3660 Plaut.
1042 3599 1121 3660 Alin.
1144 3603 1175 3660 ΙΙ
1189 3647 1200 3678 ‚

229 3716 392 3777 tannem.
756 3737 772 3774 a
792 3732 823 3774 ur
833 3736 915 3796 aequr
931 3733 1028 3772 mecum
1044 3714 1106 3770 lruec
1116 3714 1202 3792 scias.

275 3847 286 3886 ι
299 3826 327 3886 b.
339 3827 359 3887 l.
373 3828 551 3889 eademhaec
562 3813 669 3888 centies
753 3804 888 3887 Precaror
905 3843 999 3885 autem
1019 3824 1116 3881 omnia
1130 3842 1201 3880 con·

233 3929 390 3992 incusando
405 3931 526 4007 clamet,
540 3952 570 3992 ur
593 3953 673 3992 aures
757 3930 845 4000 cedit,
866 3949 895 3988 ur
913 3929 1002 3986 modo
1016 3927 1098 3984 venia
1109 3927 1205 3986 detur.

232 4036 285 4120 ipti
299 4035 427 4096 doleant.
440 4035 530 4096 Plaut.
544 4035 624 4096 Afin.
635 4036 674 4108 ll,
802 4056 820 4105 4
834 4032 893 4090 Iam
908 4030 1001 4110 ipsum
1017 4030 1055 4085 est
1073 4047 1205 4084 momen·

233 4171 271 4218 4,
285 4157 317 4205 16
335 4148 436 4206 centes
447 4149 534 4208 cadem
546 4149 676 4228 imperem,
758 4159 836 4211 tum,
849 4160 908 4222 quo
922 4140 1009 4196 utitur
1025 4133 1158 4214 parasitus
1167 4132 1205 4193 ad

233 4271 312 4332 arque
326 4255 470 4336 oggarium.
758 4245 926 4305 Phaedriam
939 4241 1031 4301 secum
1042 4243 1123 4302 omui
1136 4259 1206 4304 cura

276 4360 439 4435 tironiae,
458 4383 513 4443 pro
529 4358 581 4419 :id
598 4378 674 4439 pto·
755 4350 949 4414 eximendum.
1004 4368 1009 4376 ·
