2809 5234
512 770 855 889 mecm.
1112 802 1180 887 271
1281 786 1283 790 “

211 965 279 1042 sed
292 964 354 1066 qui
367 961 452 1038 istuc
472 959 610 1036 credam
636 960 684 1032 ita
700 956 791 1063 effe?
809 958 864 1030 dic
880 956 986 1047 mihi,
1000 959 1186 1030 Parmeno.

213 1098 283 1166 Pa.
309 1095 394 1166 Non
424 1086 473 1163 est
491 1111 582 1186 opus
608 1083 750 1184 prolato
773 1083 867 1154 :hoc
887 1080 1124 1177 percontarier

214 1212 361 1288 Desiste.
379 1214 444 1282 Ph.
460 1232 585 1306 nempe
595 1232 635 1280 ea
651 1201 773 1293 causa,
785 1219 825 1273 ut
839 1197 994 1271 neidfiat
1006 1199 1128 1294 palam.
1142 1223 1189 1295 30

215 1337 270 1407 lta
286 1355 342 1424 me
356 1332 393 1405 di
415 1330 605 1419 amabunt,
622 1326 716 1400 haud
734 1341 921 1421 propterea
947 1341 981 1393 te
1004 1347 1115 1419 rogo,
1137 1344 1177 1399 ut

185 1451 187 1454 ’
217 1458 297 1530 Hoc
321 1452 522 1553 proferam
540 1452 598 1526 sed
622 1469 662 1523 ut
682 1450 788 1522 tacita
806 1472 941 1521 mecum
957 1447 1144 1545 gaudeam.
1250 1436 1252 1442 ¹

217 1583 288 1654 Pa.
322 1580 511 1677 Nunquam
534 1596 606 1650 tam
626 1575 721 1650 dices
739 1576 929 1652 commode
948 1595 958 1627 ¹
969 1629 982 1667 ,
1003 1592 1044 1647 ut
1058 1593 1193 1673 tergum
1240 1653 1242 1656 .

416 1723 534 1772 meum
756 1700 764 1731 “

220 1821 495 1896 Tuaminfidem
505 1821 735 1895 committam.
748 1822 812 1892 ΡΙι.
827 1819 871 1891 ah
883 1817 959 1891 noli
977 1832 1004 1907 ²,
1013 1817 1198 1893 Parmeno:

223 1944 330 2038 Quali
348 1970 422 2017 non
442 1961 481 2016 tu
497 1940 611 2015 multo
624 1940 723 2012 malis
741 1963 880 2013 namara
897 1937 967 2009 hoc
982 1937 1096 2028 mihi,
1151 1956 1196 2034 35

221 2069 340 2162 Quam
354 2092 447 2167 ego,
464 2091 552 2167 quae
568 2086 761 2162 percontor
781 2115 793 2152 ‚
809 2058 904 2135 scire.
919 2064 988 2136 Pa.
1014 2085 1099 2136 vera
1113 2062 1200 2134 haec

450 2190 601 2263 raedicat
617 2213 628 2258 ε

222 2313 270 2384 Et
288 2309 377 2381 illud
392 2217 586 2379 mivitium
601 2299 653 2374 est
664 2323 867 2374 maxumum
887 2297 948 2370 ’.ἢ
966 2300 1053 2372 mihi
1071 2299 1177 2375 fidem

222 2429 318 2516 Dm,
330 2441 365 2499 te
384 2424 565 2499 tacituram
577 2475 590 2512 ,
601 2422 725 2495 dicam.
738 2425 804 2495 ΡΙι.
817 2420 860 2493 ad
873 2421 1049 2518 ingenium
1063 2424 1154 2499 redis
1171 2444 1201 2500 4.

225 2548 344 2621 Fidem
364 2546 436 2633 d0;
462 2545 620 2643 loquere.
642 2547 710 2617 Pa.
741 2541 905 2616 ausculta.
928 2548 995 2618 Ph.
1015 2544 1088 2622 istic
1109 2547 1197 2623 sum.

418 2670 486 2742 Pa.
508 2688 532 2739 f.
550 2667 639 2740 hanc
661 2665 866 2741 Bacchidem

225 2789 399 2882 Amabat,
421 2807 461 2865 ut
478 2815 558 2864 cum
580 2815 741 2862 maxume
762 2803 796 2878 ⁶,
813 2806 889 2860 tum
912 2791 1108 2891 Pamphilus
1123 2821 1135 2882 ;
1151 2820 1202 2888 40

227 2911 318 2985 Cum
337 2932 458 3010 pater,
486 2937 635 2987 uxorem
665 2929 705 2986 ut
731 2913 862 3001 ducat,
893 2936 993 2990 orare
1021 2916 1177 3010 occipit:

202 3182 212 3241 ι,
272 3169 287 3213 1
315 3150 344 3211 h.
370 3173 395 3212 e.
415 3150 528 3212 blande.
542 3152 678 3214 Pronun-
803 3157 910 3237 3Cum
928 3159 997 3222 haec
1010 3160 1087 3238 apud
1101 3160 1127 3220 se
1145 3159 1206 3220 len·

231 3257 281 3318 tiat
301 3277 397 3317 tamen
422 3259 479 3332 ita,
496 3277 526 3318 ut
543 3260 593 3341 qui
613 3261 672 3319 iam
757 3264 813 3323 cius
834 3259 965 3340 muffet,
983 3288 1052 3325 mox
1071 3267 1145 3327 clare
1167 3268 1204 3329 ad

231 3362 385 3437 delinitus,
403 3367 451 3424 vix
472 3363 500 3424 se
525 3366 674 3426 continete
757 3367 839 3429 illam
848 3372 878 3447 fi
894 3373 956 3430 milu'
971 3380 1025 3431 διε.

231 3491 335 3554 queat,
354 3473 426 3556 quin
443 3491 548 3533 narret.
798 3499 817 3549 4
833 3472 944 3532 Festive
959 3472 1072 3532 homini
1087 3475 1204 3553 irridet,

273 3597 288 3632 ι
316 3575 384 3635 SciL
404 3595 502 3658 tergum
519 3596 592 3637 tuum
604 3601 672 3638 com·
758 3581 839 3662 quia
855 3579 882 3639 se
895 3574 1070 3653 discesserat,
1084 3581 1152 3642 dum
1164 3603 1205 3646 ta·

232 3677 330 3734 mimre
346 3680 375 3734 in
397 3701 478 3736 meam
490 3681 582 3756 fidem.
602 3681 673 3759 Quo
759 3705 822 3746 cete
847 3685 942 3745 vellet.
993 3706 997 3735 1

232 3774 322 3836 facete
355 3777 492 3857 responso
523 3779 675 3839 artificiose
800 3786 1204 3869 51nstruetitanarrationcm,

233 3890 306 3968 tegit
343 3887 564 3960 curiositatem,
604 3911 676 3973 quae
759 3913 789 3953 ut
799 3895 879 3955 finiul
891 3901 1000 3963 excuset
1011 3903 1204 3987 Pamphilum.

233 3990 297 4074 ipsa
310 3991 421 4076 signum
432 3991 680 4078 loquacitatisesse
806 4010 821 4060 6
845 4004 913 4067 Scil.
941 4031 1068 4084 amaret,
1088 4013 1117 4070 h.
1134 4034 1159 4070 e.
1183 4035 1206 4069 cr

157 4140 163 4148 -
233 4099 361 4178 solem&
375 4104 466 4175 fimul,
475 4107 542 4163 dum
551 4127 611 4164 non
622 4129 681 4166 aui·
764 4135 852 4186 ακμη,
875 4134 903 4174 ut
925 4118 956 4176 in
977 4138 1127 4200 tempore,
1145 4139 1208 4201 quo¹

233 4208 311 4289 plius
331 4213 432 4284 instat,
451 4211 554 4272 ludens
574 4212 685 4277 servum
768 4222 893 4283 amotiu
908 4222 1049 4288 summum
1069 4226 1166 4286 crevit.

235 4317 272 4377 ad
303 4319 455 4381 dicendum
474 4342 626 4405 prouocat.
