2809 5234
2066 968 2241 1025 xm

418 1123 646 1194 Santra
683 1111 1078 1189 Terentium
1123 1109 1492 1201 existimat,
1519 1108 1569 1183 fi
1596 1112 1807 1187 modo
1846 1113 1915 1188 in
1949 1114 2248 1190 scriben-

317 1220 414 1294 do
442 1212 851 1290 adiutoribus
873 1210 1274 1309 indiguerit,
1305 1235 1446 1282 non
1474 1232 1605 1287 tam
1645 1211 1956 1306 Scipione
1986 1238 2052 1288 et
2079 1217 2251 1287 Lae-

322 1319 419 1390 lio
448 1315 545 1388 uti
586 1311 910 1409 potuiffe,
933 1310 1054 1408 qui
1088 1327 1248 1381 tunc
1287 1307 1756 1383 adolescentuli
1795 1310 2016 1400 fuere,
2042 1334 2251 1410 quam

329 1411 610 1511 Sulpitio
637 1410 839 1483 Gallo
858 1457 882 1494 ‚
910 1406 1183 1478 homine
1216 1407 1426 1480 dosto
1443 1459 1466 1494 ,
1493 1420 1512 1455 ¹
1550 1429 1618 1479 et
1653 1409 1768 1505 qui
1797 1409 2257 1483 consularibus

324 1513 496 1588 ludis
538 1508 805 1581 initium
853 1504 1089 1582 fecerit
1132 1499 1505 1579 fabularum
1544 1505 1945 1580 dandarum:
1999 1508 2110 1602 vel
2156 1511 2260 1583 Μ.

327 1610 537 1684 Fabio
560 1608 866 1680 Labeone
888 1659 910 1695 ‚
935 1623 1001 1677 et
1024 1605 1118 1696 Q.
1138 1603 1405 1701 Popilio
1427 1603 1451 1693 ,’
1475 1603 1801 1677 consulari
1827 1630 2150 1704 utroque,
2174 1629 2260 1679 ae

331 1730 561 1807 poeta.
621 1705 782 1776 ldeo
820 1703 1039 1801 ipsum
1086 1727 1231 1776 non
1279 1703 1560 1776 iuvenes
1608 1701 1994 1801 designasse,
2033 1705 2150 1802 qui
2195 1700 2264 1775 se

333 1802 651 1880 adiuviffe
688 1803 1102 1877 dicerentur:
1141 1801 1254 1875 sed
1291 1801 1515 1888 viros,
1543 1826 1834 1900 quorum
1880 1826 2154 1897 operam
2194 1816 2266 1873 et

333 1905 406 1978 in
439 1901 612 1975 bello
642 1924 709 1973 et
750 1900 818 1970 in
858 1899 1040 1990 otio,
1066 1901 1231 1972 etin
1268 1898 1546 1997 negotio
1578 1899 1869 1996 populus
1910 1899 1988 1972 fit
2023 1922 2265 1993 exper-
2303 1944 2313 1969 .

335 2022 461 2076 tus.
512 1997 666 2070 Post
698 1999 904 2071 editas
938 1997 1362 2087 comoedias,
1389 1999 1692 2071 nondum
1720 1998 2025 2094 quintum
2070 2017 2270 2092 atque

338 2095 744 2196 trigesimum
773 2094 1056 2194 egressus
1082 2120 1323 2166 annum
1345 2149 1369 2182 ,
1396 2095 1584 2167 causa
1622 2095 1968 2170 evitandae
1997 2095 2272 2192 opinio-

336 2197 477 2284 nis»,
503 2195 657 2291 quia
685 2193 1037 2268 videbatur
1065 2192 1277 2264 aliena
1308 2216 1436 2287 pro
1467 2193 1595 2267 suis
1628 2195 1868 2284 edere,
1900 2193 2011 2267 seu
2047 2192 2270 2290 perci-

338 2292 565 2395 piendi
602 2296 1019 2365 Graecorum
1052 2289 1342 2363 instituta
1362 2337 1387 2375 ‚
1428 2293 1816 2389 moresque,
1847 2315 2019 2390 quos
2047 2291 2272 2388 perin-

342 2394 428 2468 de
455 2393 856 2489 exprimeret
893 2389 962 2459 in
994 2388 1284 2486 scriptis,
1307 2388 1591 2486 egreffus
1627 2390 1860 2462 urbem
1890 2388 1985 2463 est
2007 2443 2029 2474 ,
2057 2410 2276 2487 neque

341 2493 618 2587 amplius
648 2487 861 2562 rediit.
911 2487 1026 2560 De
1054 2489 1445 2562 morte.eius
1471 2487 1817 2562 Volcatius
1839 2480 2082 2561 tradit:

348 2617 478 2683 Sed
519 2635 588 2681 ut
626 2616 696 2682 A
684 2610 793 2701 fer
802 2611 930 2704 sex
950 2615 1186 2704 populo
1222 2613 1420 2681 edidit
1453 2614 1792 2682 comoedias
1810 2662 1831 2695 ,

347 2714 479 2780 Iter
509 2712 652 2779 hinc
693 2711 766 2780 in
815 2709 1037 2803 Asiam
1056 2709 1234 2800 fecit.
1271 2712 1492 2781 navim
1533 2735 1671 2778 cum
1698 2710 1895 2797 fimel

359 2808 728 2900 Conscendit
747 2861 769 2895 ,
800 2807 976 2896 visus
1014 2834 1338 2900 nunquam
1379 2806 1472 2908 ςΙΖ.
1489 2805 1589 2906 fic
1623 2809 1757 2878 vita
1803 2832 2009 2880 vacat.

450 2938 543 3028 Q.
584 2933 985 3006 Consentius
1012 2944 1043 2978 2
1076 2935 1461 3004 redeuntem
1503 2957 1540 3003 e
1579 2933 1864 3006 Graecia
1914 2933 2171 3034 periiffe
2213 2933 2288 3010 in

355 3034 526 3107 mari
569 3032 728 3105 dicit
766 3057 918 3104 cum
961 3049 1230 3105 centum
1264 3050 1332 3102 et
1365 3031 1522 3102 oEto
1566 3027 1847 3121 fabulis,
1890 3034 2225 3107 convertis
2251 3058 2291 3105 a

337 3133 755 3211 „Menandro
806 3131 1032 3202 Ceteri
1064 3148 1406 3201 mortuum
1439 3127 1570 3202 effe
1597 3128 1665 3198 in
1695 3131 2021 3214 Arcadiae
2060 3133 2291 3229 Stym-
2368 3154 2373 3160 ·

343 3229 596 3324 phale,
624 3227 757 3300 five
786 3229 1110 3302 Leucadia
1132 3278 1155 3311 ‚
1183 3229 1486 3314 tradunt,
1506 3226 1637 3297 Cn.
1658 3228 1872 3298 Corn.
1903 3228 2292 3318 Dolabella,

362 3329 608 3397 Marco
647 3325 884 3398 Fulvio
920 3326 1285 3397 Nobiliore
1327 3327 1574 3398 Coss,
1601 3323 1853 3396 morbo
1893 3325 2295 3423 implicitum

364 3421 539 3508 acri,
583 3422 819 3494 dolore
859 3448 934 3495 ac
976 3425 1195 3498 taedio
1237 3423 1613 3495 amiffarum
1662 3421 2094 3515 sarcinarum,
2134 3448 2299 3522 quas

366 3520 435 3594 in
468 3520 623 3591 navi
651 3520 1069 3619 praemiserat
1090 3575 1109 3606 ,
1136 3547 1210 3595 ac
1241 3522 1427 3594 simul
1454 3519 1819 3593 fabularum
1844 3578 1865 3610 ‚
1896 3548 2060 3622 quas
2087 3547 2302 3597 novas

366 3617 632 3690 fecerat.
686 3619 897 3693 Fuiffe
936 3618 1178 3693 dicitur
1215 3621 1538 3693 mediocri
1578 3619 1856 3709 statura,
1887 3622 2115 3718 gracili
2145 3646 2299 3695 cor-

366 3741 534 3809 pore
551 3770 572 3804 ‚
589 3720 830 3792 ,colore
855 3716 1068 3789 fusco.
1123 3718 1417 3815 Reliquit
1448 3717 1646 3788 filiam
1671 3771 1693 3805 ‚
1717 3745 1887 3815 quae
1915 3719 2065 3817 post
2088 3719 2298 3816 equiti

372 3814 686 3887 Romano
726 3815 958 3910 nupfit.
1010 3818 1174 3887 Item
1213 3816 1522 3888 hortulos
1556 3815 1700 3887 XX
1729 3815 2027 3915 iugerum
2074 3819 2143 3888 in
2190 3810 2303 3889 v'ia

377 3907 598 4000 Appia
632 3912 714 3980 ad
749 3912 979 3983 Martis
1015 3911 1270 3985 villam.
1315 3938 1458 4012 quo
1501 3913 1705 4012 magis
1740 3917 1952 3990 miror
1983 3913 2302 3989 Porcium
2350 3954 2363 3968 -

375 4001 701 4079 scribere:
755 4030 762 4037 ·

1908 4085 1943 4107 Ι

471 4217 494 4256 ι
525 4196 650 4259 MS.
673 4218 788 4282 reg.
807 4159 928 4263 Par.
947 4199 1100 4258 cuius
1119 4222 1254 4260 con·
1537 4224 1573 4263 2
1631 4200 2061 4265 Grammaticus.
2133 4201 2306 4286 Vulg.
2355 4227 2373 4237 ·

367 4278 662 4365 fidas-ibus.
725 4281 973 4342 Muretus
1028 4283 1255 4343 coniicit
1440 4285 1732 4366 Consetius.
1752 4283 2046 4344 Lindenbr.
2067 4283 2214 4345 dedit
2234 4306 2304 4347 ex

380 4363 723 4442 consualibus
753 4363 921 4426 ludis.
941 4360 1150 4427 ‘Faber
1170 4387 1254 4426 ce·-
1434 4362 1598 4427 MSS.
1634 4365 1744 4426 suis
1799 4365 2083 4447 Cosconius
2097 4411 2117 4441 ,
2137 4388 2304 4449 quem

384 4443 636 4511 realibus.
1433 4445 1620 4510 laudat
1639 4446 1828 4511 Varro
1850 4450 1919 4510 de
1941 4445 2054 4510 LL.
2073 4447 2167 4512 lib.
2186 4448 2266 4514 V.
