2809 5234
262 516 335 593 nt
465 485 1013 599 ·‘nruntnr11

129 704 144 727 ”·
269 768 275 777 -
325 652 572 807 rubtu
621 732 950 810 centurn
1006 734 1208 813 runt·

462 958 1047 1083 PHORMIQ

527 1174 962 1262 rnotocuc

258 1314 329 1487 P
333 1400 503 1502 Ostquam
525 1418 634 1498 poeta
657 1422 761 1480 vetus
780 1423 792 1456 ¹
819 1426 963 1506 poetam
985 1438 1060 1487 non
1080 1380 1196 1512 potest

258 1523 450 1598 Retrahere
471 1522 516 1595 ab
532 1521 668 1647 studio,
688 1544 726 1600 et
747 1528 923 1608 transdere
943 1555 957 1587 ²
983 1536 1164 1612 hominem
1192 1536 1231 1611 in

459 1646 574 1721 otium
593 1671 604 1718 e

256 1766 452 1842 Maledictis
472 1769 676 1869 deterrere,
704 1800 750 1849 ne
773 1774 898 1852 scribat
916 1795 927 1841 ⁵
944 1833 957 1872 ‚
977 1797 1089 1878 parat.

145 1972 148 1989 Ι
258 1889 335 1985 Qui
359 1891 408 1964 ita
432 1890 593 1984 dissitat,
612 1916 706 1990 'quas
730 1903 867 1973 antebac
881 1888 971 1991 'fecit
988 1900 1156 1992 fabulas,

253 2016 366 2105 ²Tenui
385 2008 442 2113 effe
467 2015 611 2085 oratione
621 2068 637 2104 ,
667 2039 697 2086 et
718 2019 916 2113 scripturae
939 2025 1004 2094 lm·
1016 2048 1034 2106 ‚-

251 2332 256 2339 ⁹
299 2251 403 2314 rident
417 2250 528 2335 semper
539 2252 699 2319 malevolus

258 2379 341 2421 vetus
362 2379 470 2442 poeta,
491 2383 592 2425 contra
615 2387 703 2451 quern

256 2462 381 2549 prologi
397 2464 468 2526 Ter.
484 2488 584 2530 omnes
598 2471 702 2533 direeii

258 2574 334 2637 sunt.
358 2574 386 2636 Is
407 2572 567 2652 senescens,
581 2581 697 2639 inride-

257 2685 307 2746 bat
323 2706 417 2760 noro,
430 2688 513 2771 eique
532 2685 701 2770 sapientiori

255 2791 419 2868 Terenti03
435 2794 480 2852 cui
504 2814 565 2851 non
587 2792 651 2852 setis
666 2814 698 2852 e-

255 2924 318 2980 rat,
343 2906 412 2965 vitis
434 2905 616 2985 principibus
639 2902 701 2983 pla·

257 3033 340 3085 cere,
358 3010 407 3071 sed
422 3020 449 3071 ὁ(
462 3007 588 3091 populi,
606 3031 624 3068 a
642 3031 701 3092 quo

258 3119 366 3200 pendet
384 3115 500 3177 fortuna
519 3115 600 3174 studii
615 3113 701 3174 ntuli-

260 3227 306 3298 ci,
325 3224 344 3284 s.
364 3226 432 3285 artis
453 3222 601 3293 comicae,
628 3242 703 3302 opus

259 3352 320 3391 erat
334 3330 440 3393 favore.
458 3333 500 3392 Ita
515 3328 627 3411 semper
637 3351 707 3409 pro-

259 3435 325 3520 logi
342 3457 431 3519 opera
443 3440 479 3499 ad
502 3437 542 3498 sui
559 3435 703 3497 defensio-

259 3567 328 3607 nem
349 3548 426 3607 abuti
451 3549 557 3610 debuit.

303 3673 318 3709 2
341 3652 479 3732 Transdere
500 3654 651 3735 antiquum
677 3662 706 3714 &

258 3758 407 3820 sonantius
420 3779 429 3833 3
445 3760 542 3817 tradere
559 3780 658 3818 recens
673 3767 701 3819 &

260 3854 366 3927 lenius.

307 3995 321 4051 3
346 3971 366 4032 s.
389 3990 547 4053 componat
565 3970 683 4031 fabulas.

305 4102 325 4152 4
340 4077 426 4140 Haud
442 4078 514 4142 bene
531 4077 619 4164 vulgo
623 4081 708 4162 scrip·

781 2276 841 2320 tura
866 2280 923 2343 pro
941 2260 1003 2343 stilo
1027 2257 1154 2321 habetur.
1181 2258 1230 2321 Est

784 2367 884 2449 potius
893 2368 1026 2449 scripture
1043 2366 1106 2448 ipsa
1120 2364 1230 2436 fabula,

784 2474 881 2557 quoad
908 2472 1149 2554 composrtionem
1175 2470 1230 2531 srve

780 2580 930 2641 artificium
958 2578 1095 2661 spestata.
1130 2580 1230 2661 Atque

784 2693 809 2751 is
818 2691 891 2750 hane
905 2690 988 2748 levem
999 2689 1132 2770 arguebat
1144 2704 1230 2758 ,tanr-

781 2815 869 2878 quam
892 2793 935 2854 nil
952 2796 1117 2877 gravitatis,
1139 2793 1230 2850 vehe-

782 2913 906 2965 mentiae
921 2915 947 2966 δι
962 2905 1125 2965 fervidioris
1143 2908 1229 2979 inge-

783 3013 826 3069 nii
843 3013 1015 3086 habentem,
1030 3011 1075 3070 sed
1089 3012 1230 3071 abietinrn

785 3124 813 3174 ἃ
822 3115 971 3175 humilem.
988 3119 1137 3174 Orationem
1150 3138 1229 3188 veto,

788 3241 860 3304 quae
876 3220 945 3280 alias
965 3221 1151 3300 personatum
1172 3221 1228 3291 est,

788 3350 882 3413 neque
894 3328 923 3388 h.
936 3327 958 3388 l.
970 3351 987 3388 a
993 3327 1053 3411 stilo
1063 3323 1228 3403 disiungen-

787 3436 823 3496 da
831 3482 840 3510 ,
855 3436 901 3494 cui
911 3437 1040 3520 iungitur
1051 3434 1144 3495 Andr.
1152 3431 1230 3512 prol.

675 3603 682 3619 ,
789 3570 834 3609 η.
857 3545 973 3626 (sermo
992 3547 1071 3606 enim
1093 3542 1231 3626 persona-

789 3675 851 3712 rum
869 3651 989 3712 sensibus
1012 3650 1170 3723 convenit]
1190 3667 1231 3706 te-

783 3783 878 3831 nuem,
891 3780 944 3818 nec
963 3758 1062 3829 altam,
1076 3757 1230 3833 neccopio-

778 3866 857 3946 firm,
887 3862 934 3922 sed
963 3865 1071 3921 nimium
1095 3864 1229 3942 politum,

786 3987 954 4027 extenuatam
973 3967 1091 4025 dicebar.
1116 3970 1158 4026 lta
1179 3968 1230 4027 rlle

789 4079 908 4137 virtutes
941 4074 1075 4136 Terentii
1100 4077 1132 4135 in
1162 4078 1232 4137 vitia
