2809 5234
412 658 423 685 k

235 881 298 945 ιι,
411 951 414 956 ‚
478 814 950 970 erraneum

231 1023 303 1101 leur
318 1019 360 1095 ad
373 1042 438 1097 mr.
457 1023 509 1096 Μ.
526 1020 639 1095 oratio
655 1020 737 1125 haec
758 1045 813 1096 me
825 1018 978 1095 miserant
993 1019 1197 1096 exanimavit

401 1120 506 1220 meri.

159 1341 169 1347 .
235 1272 277 1345 1².
287 1270 374 1345 Nam
387 1269 468 1370 quid
480 1292 546 1368 ego
559 1293 649 1348 nunc
664 1268 770 1346 dicam
791 1273 833 1355 de
844 1283 942 1370 'patre
957 1270 971 1344 l
985 1269 1049 1344 ah!

234 1381 418 1476 Tantamne
441 1419 515 1468 rem
535 1412 603 1471 tam
629 1397 839 1497 neglegenter
857 1395 981 1497 agere?
998 1394 1201 1495 praeteriens

406 1520 514 1592 modo

236 1641 323 1719 Mihi
337 1645 426 1741 apud
440 1642 551 1716 sorum
564 1641 676 1734 ‚uxor
688 1642 749 1718 tibi
761 1641 911 1718 ducenda
922 1642 991 1734 esl,
1005 1641 1200 1740 Pamphile,

409 1766 534 1856 hodie,
550 1767 679 1867 inquit:
696 1794 795 1865 para:
837 1832 840 1839 .
1156 1790 1203 1840 20

239 1889 305 1967 Abi
321 1889 474 1969 domum.
492 1891 527 1965 id
550 1894 632 1967 mihi
651 1893 742 1970 visus
760 1891 807 1966 est
827 1891 968 1984 dicere,
987 1890 1042 1965 abi
1060 1890 1152 1982 cito,
1168 1910 1204 1966 et

414 2015 571 2114 suspende
586 2036 631 2093 te.

242 2136 868 2236 Obstupui.censen'ullummrverbum
878 2137 1205 2240 potuisseproloquii

244 2269 312 2343 Aut
322 2262 420 2338 ullam
437 2266 584 2360 causatu,
595 2266 742 2371 ineptam
755 2265 881 2358 saltim,
893 2265 1206 2365 salsam,iniquanrl

414 2389 580 2464 obmutui.
741 2469 749 2477 N

245 2510 396 2600 Quodsi
421 2535 488 2608 ego
508 2515 600 2616 prius
623 2513 659 2587 id
687 2513 870 2606 rescissem
894 2514 976 2615 quid
997 2514 1164 2603 facerem,
1182 2510 1208 2588 ss

416 2635 492 2731 quir
510 2659 598 2713 nunc
616 2661 672 2710 me
689 2659 810 2738 rogen

249 2752 384 2854 Aliquid
402 2755 568 2851 facerem,
582 2779 620 2834 ut
640 2751 708 2837 hoe
721 2790 764 2839 ue
779 2756 934 2842 facerem.
957 2764 1013 2838 sed
1033 2785 1121 2837 nunc
1141 2757 1211 2859 pri·

237 2917 239 2921 ’
340 2930 358 2953 .,-
419 2906 511 2958 mum
535 2884 617 2981 quid
639 2887 823 2986 exsequar?
1165 2905 1207 2982 λς

249 3000 396 3077 Τοῑωε
414 3005 599 3107 impediunt
612 3033 729 3098 curae,
750 3038 836 3110 quae
858 3035 973 3087 meum
995 3008 1147 3087 animum
1157 3007 1211 3080 di-

418 3132 518 3206 vorle
534 3131 665 3205 trahunt
680 3159 690 3206 r

252 3263 264 3300 ¹
282 3256 405 3345 Amor,
419 3256 644 3331 misericordia
655 3257 994 3356 huiiu‚.nupria1um²
1011 3255 1214 3347 sollicitudo,

251 3377 340 3457 Tum
354 3379 459 3476 patrie
467 3381 603 3477 pudor,
616 3381 676 3480 qui
689 3406 745 3456 me
758 3405 826 3457 tam
840 3382 907 3458 leni
920 3383 1029 3482 passus
1039 3381 1087 3458 esi
1100 3381 1217 3455 animo

164 3512 167 3517 ’
423 3503 672 3602 usqueadlruc,

159 3692 167 3712 ,
200 3656 210 3716 '.
253 3621 352 3723 Quae
371 3644 451 3701 meo.
471 3651 599 3724 cunque
617 3625 733 3701 animo
754 3624 894 3703 lubitum
909 3626 1119 3721 emittere:
1141 3622 1220 3705 eiua

426 3770 492 3844 ego
503 3769 539 3821 ut
556 3749 741 3827 advorseri
757 3751 812 3825 hei
825 3749 930 3829 milui

296 4046 309 4087 1
323 4027 412 4091 Amor
423 4026 506 4105 quem
523 4022 579 4105 ipse
591 4021 704 4083 consue·
765 4019 859 4104 Atque
872 4021 926 4082 lroe
934 4015 1145 4081 vanosaffestus
1157 4014 1222 4079 dein

253 4150 312 4194 tum
331 4131 544 4215 habebatymis.
563 4133 644 4193 leuius
659 4131 707 4194 int.
766 4150 815 4212 per
833 4131 909 4189 vices
919 4127 1010 4208 prodit
1022 4125 1139 4207 agendo.

254 4237 390 4320 Glycerii.
404 4260 479 4322 nupt.
497 4243 543 4301 int.
563 4239 704 4302 Philume-
805 4256 822 4294 2
835 4234 879 4294 Al.
891 4226 1051 4313 pauciorum
1066 4228 1151 4295 MSS.
1161 4227 1220 4290 fide
1239 4305 1243 4318 .

255 4363 323 4424 ηις
329 4345 461 4430 pudursr
478 4350 602 4409 verentia
608 4345 707 4426 patris.
759 4340 930 4422 firsliciratio.
