2809 5234
485 765 846 840 HECYRn‘

1092 783 1159 858 333

186 933 340 1029 Quando
364 931 450 1004 haec
481 928 604 1002 aberit.
640 923 764 1002 odiosa
801 923 887 996 haec
914 940 1006 997 aetas
1030 920 1165 996 adoles-

378 1053 526 1128 centulis
549 1079 559 1124 ι

188 1176 361 1254 Emedio
394 1197 544 1274 aequom
571 1171 766 1246 excedere¹
799 1167 859 1243 est.
895 1169 1071 1267 postremo
1101 1195 1193 1266 nos·
1269 1181 1272 1186 ’

390 1301 457 1372 iam
478 1296 612 1370 fabulae
629 1313 643 1346 ²

193 1423 340 1511 Sumus,
361 1420 564 1517 Pamphile:
581 1415 710 1509 senex,
731 1441 826 1512 atque
847 1443 962 1490 anus..
980 1473 989 1492 .
1007 1471 1086 1493 ...
1126 1439 1166 1519 ις

196 1548 264 1621 Sed
283 1547 389 1622 video
409 1546 618 1644 Phidippum
644 1544 763 1644 egredi
791 1569 855 1643 per
881 1562 1018 1645 tempus
1038 1573 1048 1620 t
1068 1570 1170 1621 accen

391 1674 526 1746 damus.

299 1890 514 1960 acnvs
562 1856 637 1960 11²ss
680 1883 895 1957 senua
945 1886 1069 1960 rra,

269 2093 536 2185 PHIDIPPUS,
577 2091 786 2183 LACHES,
826 2089 1096 2164 PAMPHILUS.

199 2338 261 2408 Ph.
280 2247 418 2417 lei
437 2355 580 2436 quoque
613 2331 762 2429 aedepol
789 2328 864 2405 sum
889 2330 1013 2425 iratus,
1046 2332 1168 2406 Philu-

389 2475 490 2523 mena
510 2503 522 2542 ,

200 2677 310 2741 futurae
323 2678 374 2740 fint
388 2681 505 2762 potius,
520 2700 606 2764 quant
613 2679 645 2740 in

202 2781 352 2845 discordia.
365 2781 556 2859 Censet,non
568 2806 642 2866 opus
717 2783 877 2866 fabulaeque
900 2805 998 2843 manes.
1017 2780 1169 2842 Hincsta-
1282 2868 1286 2879 Ι

133 2967 135 2970 .
201 2887 256 2954 effe
269 2914 395 2968 tentare,
410 2896 489 2981 quod
503 2898 645 2957 incertum

204 2995 256 3072 [ιτς
275 3016 340 3057 curn
367 2999 470 3057 certius
491 2997 648 3057 remedium

203 3099 234 3161 fit
247 3120 281 3161 ex
294 3102 372 3163 abitu
396 3104 546 3164 Sostratae.

246 3227 261 3272 1
279 3210 307 3272 h.
325 3232 351 3274 e.
368 3213 470 3273 evitae
486 3203 649 3272 corrimuni-

204 3333 259 3375 tate
270 3316 365 3388 abire,
380 3317 409 3377 h.
422 3316 443 3378 L
458 3339 492 3378 en
509 3317 576 3378 urbe
591 3319 646 3378 mi-

202 3443 305 3505 grare,
318 3424 395 3485 ficuti
411 3428 460 3509 qui
471 3424 593 3488 fabulam
606 3429 647 3487 vi-

203 3544 248 3586 tae
258 3525 317 3586 fere
330 3529 503 3610 peregerint.
517 3529 561 3588 Ita
577 3527 604 3587 se
617 3536 645 3588 δε

204 3651 324 3692 uxorem
342 3631 419 3716 qu'afi
439 3634 498 3694 iarn
524 3635 647 3693 mortuis

203 3738 378 3817 aequiparat.

247 3867 262 3900 2
277 3842 327 3902 Sic
340 3841 492 3913 dicuntur,
509 3839 558 3923 qui
570 3838 648 3899 vixe-

207 3972 235 4010 re
246 3992 258 4020 ‚
280 3969 342 4007 non
362 3948 438 4008 inter
459 3949 542 4009 viros
563 3947 648 4019 sunt,

204 4054 349 4126 menende
365 4052 468 4136 quibus
484 4052 554 4114 fiunt
570 4053 671 4161 falna-p,

205 4161 260 4225 lae.
276 4163 350 4224 Pers.
363 4161 404 4236 V,
417 4184 469 4239 ¹52
484 4165 672 4226 ernistum-'³

206 4269 647 4357 ms&fabulafin.Hor.Carm‚
693 4272 696 4278 ’

728 2680 762 2754 i,
780 2705 816 2755 4,
833 2689 868 2741 16
881 2680 934 2740 iam
956 2697 981 2739 te
992 2692 1174 2761 premantur,¹

728 2898 781 2956 tim
797 2893 858 2977 ipse
881 2893 978 2967 senex,
1000 2889 1077 2975 quast
1100 2911 1173 2970 pro·

717 2999 823 3058 -ximus
838 2999 947 3071 morti,
969 3015 1020 3075 per
1035 2996 1172 3055 titanum

726 3106 844 3166 initium
852 3102 1071 3182 fabulaeincipit
1079 3102 1174 3183 :senex

729 3233 808 3295 atque
832 3233 900 3272 araus
925 3207 997 3268 olim
1016 3207 1093 3267 fuere
1115 3215 1171 3269 &c-

726 3316 784 3377 Sed
797 3313 975 3394 abrumpitur
990 3332 1041 3393 per
1058 3331 1172 3391 ternpus

729 3426 900 3488 adveniente
915 3422 1074 3503 Phidippo.

746 3501 752 3517 ι
775 3551 789 3608 3
804 3529 851 3591 Sc.
864 3528 934 3589 haec
948 3527 1032 3588 habet
1042 3524 1174 3589 ultimum

730 3657 875 3710 errorem,
895 3659 954 3720 quo
974 3637 1040 3717 post
1060 3654 1175 3717 parturn

727 3739 868 3796 retectum
890 3761 908 3799 a
929 3741 1056 3802 Sostrata
1082 3737 1173 3799 trans·

731 3861 863 3902 movetur
893 3844 979 3926 culpa
1014 3844 1114 3906 diffidii
1142 3847 1175 3906 in

730 3949 1174 4033 Myrrhinam‚Philurnenaema·

731 4073 813 4118 trem.
838 4056 909 4115 Inde
930 4055 1113 4137 Pamphilus,
1137 4057 1173 4119 de

729 4164 834 4228 'alendo
855 4187 946 4246 puero
970 4168 985 4243 (
1002 4186 1088 4251 quem
1102 4165 1173 4228 alie·

732 4292 802 4345 utun
821 4268 950 4355 credit),
978 4278 1015 4333 8(-
1029 4271 1064 4334 de
1084 4292 1172 4333 uxore
