2809 5234
1028 888 1738 968 'ADELPHL'
2234 883 2343 985 3⁷.

406 1061 508 1133 D.
567 1056 704 1132 sed
771 1079 1013 1129 eccum
1066 1049 1326 1152 ipsum!
1375 1068 1448 1124 te
1506 1049 1646 1126 iam
1694 1044 1958 1125 dudum
2005 1042 2344 1146 ‘quaer03

798 1181 1045 1253 Micio.

407 1313 511 1378 M.
550 1303 899 1397 Quidnam
936 1301 971 1369 ’ἓ
1012 1302 1112 1369 D.
1146 1294 1299 1368 fero
1342 1293 1474 1368 alia
1512 1294 1769 1394 flagitia
1807 1294 1895 1367 ad
1933 1308 2005 1367 te
2034 1264 2343 1391 ingenfia

406 1430 585 1502 Boni
627 1427 810 1499 illius
869 1421 1412 1497 adolescentis&

788 1567 977 1616 nova
1019 1596 1044 1634 ,

1492 1421 1596 1492 M.
1650 1441 1811 1493 ecce
1859 1435 2093 1491 autem
2128 1435 2179 1490 ⁸.
2233 1421 2343 1493 D.

407 1661 762 1758 Capitalia.
808 1667 922 1734 Μ.
979 1661 1176 1749 ohe,
1218 1658 1354 1731 iam
1392 1675 1442 1730 ἱ.
1479 1607 1584 1731 D.
1630 1657 1766 1751 ah,
1809 1655 2027 1733 nescis
2076 1658 2200 1757 qui
2233 1658 2346 1734 vir

797 1786 902 1861 fit.
957 1790 1060 1861 M.
1107 1784 1251 1860 scio
1286 1805 1340 1859 4.

2082 1805 2337 1884 ...ς

404 1938 507 2007 D.
558 1934 681 2006 Ah
703 1931 905 2005 stulte
940 1954 991 2004 τ.
1041 1947 1123 2003 tu
1164 1931 1251 2004 de
1292 1927 1567 2027 psaltria
1608 1954 1720 2004 me
1765 1927 2068 2004 somnias

401 2056 648 2154 Agere.
700 2054 841 2127 hoc
881 2069 1247 2149 peccatum
1285 2050 1358 2121 in
1402 2050 1745 2147 virginem
1797 2048 1896 2124 est
1929 2048 2182 2125 civem.
2232 2051 2344 2126 M.

807 2172 978 2248 scio·

373 2304 503 2373 .D.
539 2299 744 2391 Eho,
774 2297 945 2390 scis,
987 2314 1057 2372 et
1104 2313 1343 2396 patere
1371 2297 1406 2369 ’ἓ
1443 2299 1550 2372 M.
1586 2295 1759 2396 quid
1805 2295 1879 2369 ni
1915 2294 2141 2394 patiar
2165 2300 2200 2369 ἲ
2234 2301 2350 2374 D.

797 2427 909 2500 dic
956 2425 1169 2515 mihi,

404 2574 574 2695 N‘Qn
653 2572 959 2647 clamas?
1003 2595 1149 2666 non
1189 2568 1438 2645 insanis
1465 2571 1502 2643 :³
1540 2573 1652 2646 M.
1695 2539 1871 2645 hon.
1918 2564 2153 2640 malim
2184 2564 2351 2668 qui-j

785 2695 968 2771 dem.

399 2822 506 2895 D.
552 2820 739 2922 ‘Puer
785 2835 989 2892 natus
1026 2815 1143 2893 est.
1189 2821 1292 2890 M.
1324 2813 1422 2889 dii
1457 2813 1633 2891 bene
1662 2831 1976 2892 vortant.
2013 2819 2115 2894 D.
2132 2816 2342 2918 virgo

780 2936 956 3009 nihil
986 2934 1197 3010 habet
1234 2948 1287 3011 ‘-

489 3239 513 3279 ι
549 3217 722 3278 Adeo
753 3238 881 3278 cum
903 3217 1286 3278 ostentatione

402 3336 457 3389 &
504 3353 725 3410 nemun
761 3327 1018 3400 nuntiat,
1051 3347 1110 3387 ut
1156 3347 1281 3388 ete-

403 3436 500 3497 das
524 3482 545 3509 ,
600 3436 707 3519 ipsa
758 3435 907 3497 nihil
951 3431 1061 3498 effe
1123 3440 1277 3500 anti-

401 3543 608 3626 quius,
640 3564 810 3626 quam
837 3545 1053 3628 flagitia
1070 3542 1174 3604 filii
1198 3565 1288 3607 ur·

399 3652 530 3711 bani
563 3652 635 3712 ad
662 3650 895 3712 fratrem
930 3652 1182 3726 deferre,
1225 3660 1285 3712 δε

399 3756 553 3816 bella
580 3758 889 3817 concitare.

486 3880 518 3917 2
582 3861 727 3917 Ecce
781 3875 955 3915 autem
1027 3855 1289 3932 dicitur,

402 3984 581 4048 quum
613 3959 911 4047 agentibus
929 3960 951 4039 (
969 3959 1026 4020 h.
1051 3959 1092 4020 1.
1114 3959 1287 4044 laeta)

398 4070 556 4131 aliud
581 4088 817 4151 repente
851 4069 1161 4130 intervenit
1181 4089 1287 4128 no·

399 4200 571 4252 vum,
604 4177 792 4246 minus
824 4175 1059 4239 laetum.

487 4301 515 4360 3
568 4280 917 4357 int.,define.

476 4410 520 4468 st
540 4384 656 4452 Vel
675 4400 786 4450 un‘a
800 4387 907 4455 hac
933 4387 1138 4453 vocula
1153 4387 1279 4458 belz

2251 2963 2342 3017 10

1451 3215 1627 3293 lum,'
1652 3216 1812 3301 quod
1855 3216 2051 3279 saevus
2091 3217 2192 3279 ille
2230 3219 2340 3282 de-

1447 3348 1568 3387 nuo
1612 3328 1860 3387 concitat
1883 3369 1901 3398 ‚
1939 3325 2082 3384 mire
2116 3326 2334 3409 impel-

1441 3435 1548 3512 lit,
1590 3438 1883 3518 *impetum
1928 3434 2098 3495 istum
2140 3442 2334 3519 repri-

1452 3543 1580 3604 mit.

1534 3669 1561 3727 5
1623 3647 1943 3731 Impulsum
1985 3647 2041 3709 se
2085 3649 2340 3712 sentiem

1450 3738 1705 3817 iiascitut
1744 3756 2013 3817 Micioni.
2086 3757 2202 3818 Sed
2239 3760 2336 3819 hie

1453 3859 1648 3920 ardori
1701 3879 1884 3938 porto
1919 3859 2190 3943 frigidam
2228 3860 2337 3920 suf-

1453 3964 1673 4026 fundet.

1538 4080 1572 4131 6
1619 4072 1740 4132 Iam
1783 4071 1837 4134 se
1875 4074 2076 4155 prodit
2109 4075 2335 4133 animus-

1447 4179 1705 4240 Demeae
1727 4224 1745 4253 ,
1784 4202 1960 4264 quem
2002 4177 2203 4260 Hegio
2233 4177 2332 4238 su-

1445 4305 1555 4367 pra
1576 4284 1698 4357 ΙΙΙ,
1723 4307 1792 4358 4,
1821 4306 1888 4360 55
1925 4282 2048 4369 sqq.
2069 4302 2183 4345 tam
2207 4305 2331 4367 gra-

1446 4390 1595 4453 vitet
1647 4411 1986 4465 monuerat,
2040 4409 2101 4456 ut
2152 4412 2330 4478 aequa

1869 4470 1995 4564 F4

2220 4852 2231 4861 .
2296 4722 2551 4820 ,Ν
