2809 5234
266 849 314 930 u
515 850 555 927 u
623 845 1020 925 uenenum

267 1023 344 1116 Ego
364 1012 512 1091 cavebo.
532 1017 573 1089 C.
590 1037 768 1112 nunquam
788 1009 904 1086 hercle
930 1009 1038 1084 hodie
1064 1033 1132 1112 ego
1148 1010 1245 1094 istuc

472 1139 691 1214 committam
707 1140 782 1214 tibi.

269 1269 359 1342 Nem
377 1289 433 1338 me
455 1264 524 1337 iarn
553 1265 590 1336 in
607 1264 729 1338 cellam
750 1265 902 1362 aliquam
924 1288 1004 1338 cum
1019 1264 1079 1339 illa
1093 1268 1247 1344 conclus

466 1392 569 1461 dam:
595 1388 631 1462 id
644 1388 846 1462 tutiffirnum
870 1388 930 1463 est.

270 1526 304 1590 S.
329 1519 426 1613 Age,
455 1531 570 1584 tamen
592 1533 658 1606 ego
690 1510 786 1583 hune
810 1512 1000 1588 amovebo.
1026 1518 1079 1591 D.
1106 1515 1166 1591 sed
1183 1543 1244 1594 ee·

467 1625 771 1705 consceleratum
796 1632 940 1728 Syrum.

346 1873 562 1948 ACTUS
645 1858 712 1944 W.
766 1869 1012 1942 SCENA
1065 1875 1193 1955 [11¹4

513 2080 736 2172 SYRUS,
774 2082 983 2157 DEMEA.

277 2288 318 2359 S.
336 2188 489 2365 NOn
513 2277 628 2352 hercle
652 2277 710 2351 hie
732 2277 875 2377 quidem
893 2278 1016 2352 durare
1042 2262 1239 2379 quisquam5

471 2405 557 2479 fisrc
581 2403 648 2494 fir,
670 2402 796 2503 potest.

277 2536 370 2610 Scire
403 2530 565 2629 equidem
598 2530 723 2622 volo,
759 2546 849 2629 quot
879 2529 967 2605 mihi
1001 2530 1066 2607 {int
1097 2535 1246 2611 domini

468 2680 555 2753 quae
585 2655 672 2729 haee
696 2653 746 2727 est
765 2652 926 2731 miseria?

280 2790 323 2855 D.
346 2781 442 2875 Quid
455 2781 513 2852 ille
539 2781 658 2877 gannit
676 2784 719 2854 ²?
739 2778 823 2877 quid
837 2778 915 2851 volt
929 2780 946 2850 2
962 2777 1046 2878 quid
1068 2779 1137 2871 aie,
1149 2779 1246 2856 bone

475 2900 559 2973 vir?
582 2898 630 2971 est
657 2897 764 2970 frater
785 2897 921 2971 domi?

281 3027 322 3102 S.
346 3022 463 3120 Quid,
484 3021 631 3093 malurn!
656 3025 737 3092 bone
762 3023 815 3091 vir
831 3034 863 3108 ἱ,
882 3017 967 3090 mihi
986 3022 1127 3093 narras?
1144 3022 1248 3120 equi·

480 3147 559 3219 dem
584 3143 682 3242 perii.
707 3149 759 3217 D.
782 3142 867 3243 quid
887 3141 952 3215 tibi
977 3141 1051 3219 est?

329 3454 339 3492 r
360 3433 447 3514 Syrus
461 3427 525 3509 post
539 3423 635 3506 sugam
651 3419 723 3481 Cte-
808 3422 840 3481 in
867 3422 949 3483 huius
973 3421 1086 3484 laudem
1115 3426 1249 3505 accipiet:

285 3537 434 3618 Ephorus,
456 3542 483 3592 &e
504 3549 578 3589 nunc
598 3529 725 3607 primum
808 3527 938 3620 Tandem
950 3548 1017 3587 vero
1026 3530 1179 3590 mendaciis
1189 3531 1247 3592 suis

286 3638 359 3697 visus
385 3662 401 3697 a
425 3639 505 3708 sene,
526 3657 542 3693 a
566 3631 675 3690 foribus
695 3633 727 3690 in
811 3651 1249 3720 nontamamoveuquamprae.

287 3745 397 3805 scenam
424 3742 630 3824 progrediene,
652 3737 729 3822 quast
811 3737 912 3821 cipirat
924 3737 1029 3802 senem.

288 3873 347 3913 non
370 3850 462 3908 videat
479 3851 637 3920 Demeam,
657 3846 729 3906 mira

286 3946 346 4020 ar'te
361 3952 468 4012 {irrurlut
488 3951 514 4008 se
534 3953 728 4023 verberatum,

287 4062 442 4143 fugereque
474 4056 666 4133 cupientem,
698 4077 730 4117 ur

289 4185 365 4222 nova
381 4162 490 4220 rarione
508 4182 655 4243 stuprum
669 4156 728 4220 mi-

290 4270 360 4347 tiget
370 4270 524 4341 Demeam,
540 4271 588 4351 qui
599 4270 663 4351 Syri
673 4267 732 4328 cla-

293 4373 731 4456 merestonrraCrei'quhonenr,

853 3870 869 3905 a
898 3848 1016 3908 Gannire
1039 3850 1160 3931 proprie
1187 3850 1253 3913 rul-

811 3951 895 4032 pium
913 3954 961 4011 est.

854 4079 866 4135 3
880 4059 1111 4140 indignationem
1120 4059 1255 4123 simulans

809 4163 914 4239 repetit
944 4181 1010 4220 cum
1036 4185 1146 4237 permeet
1176 4161 1254 4226 illud

811 4267 937 4327 benevim
