2809 5234
573 1044 728 1148 M.
868 935 2410 1170 ΑΝῙῙἿ-,ΜΠΗΕΤῚ3

868 1264 2025 1340 ARGUMENTUM

2410 1365 2426 1390 ι

495 1386 735 1547 M
723 1467 860 1535 Icio
882 1512 908 1553 ,
943 1488 1003 1536 et
1041 1466 1337 1551 Demea,
1376 1465 1505 1531 duo
1554 1461 1967 1557 diffi'millimo
1997 1459 2241 1550 fratres
2317 1467 2425 1535 itt-‘⁸

487 1595 675 1686 genio
718 1587 902 1678 ficere
932 1614 958 1657 .·
985 1589 1092 1656 ille
1125 1587 1439 1654 urbanam
1473 1586 1680 1655 vitam
1724 1585 1986 1677 secutus
2029 1587 2113 1687 est
2127 1613 2159 1669 ;
2189 1580 2430 1658 hieru-s

474 1709 715 1800 sticam
746 1734 773 1776 .·
808 1711 914 1777 ille
955 1705 1196 1776 caelebs
1226 1705 1432 1790 vixit,
1462 1704 1563 1770 hic
1589 1728 1855 1773 uxorem
1894 1707 2095 1773 duxit
2125 1731 2150 1779 ..·
2181 1709 2289 1777 ille
2322 1711 2433 1777 in..

490 1831 681 1924 genio
721 1825 1025 1923 leniffimo
1039 1879 1066 1912 ,
1112 1825 1218 1894 hic
1291 1821 1634 1915 asperrimo
1669 1849 1695 1890 .·
1733 1826 1839 1894 ille
1888 1826 2066 1894 mitis
2100 1830 2293 1896 etiam
2354 1830 2430 1897 in

475 1950 741 2046 'alienos
766 1974 798 2030 ;
828 1948 929 2016 hic
953 1943 1197 2036 saews
1249 1947 1442 2012 etiam
1479 1945 1551 2010 in
1576 1941 1740 2034 ficos
1774 1970 1798 2012 .·
1829 1947 1936 2013 ille
1981 1947 2170 2015 etiam
2217 1951 2291 2017 in
2326 1940 2440 2018 ira

439 2082 441 2086 ’
484 2075 788 2166 placidus
805 2098 838 2155 ;
890 2072 991 2140 hic
1036 2071 1231 2139 etiam
1281 2070 1441 2135 ciera
1501 2069 1667 2135 iram
1725 2064 1949 2155 firox.
1999 2071 2217 2138 Erant
2280 2074 2434 2140 De-

492 2208 664 2267 meae
697 2194 838 2285 filii
898 2194 1028 2261 duo
1058 2217 1086 2259 .·
1125 2218 1210 2260 ex
1251 2190 1485 2283 quibus
1514 2208 1679 2256 natu
1711 2189 2011 2255 maiorem
2041 2184 2433 2279 Aeschinum

474 2323 628 2425 fibi·
651 2323 990 2414 adoptavit
1031 2321 1285 2407 Micio,
1348 2341 1610 2409 eumque
1645 2315 1865 2406 ficum
1907 2317 1982 2382 in
2013 2318 2160 2384 urbe
2205 2319 2436 2386 libera·

496 2446 731 2542 liffime,
766 2441 1415 2537 indulgentiffi'meque
1482 2443 1781 2510 educavit
1804 2469 1834 2525 ;
1870 2445 2173 2511 minorem
2247 2447 2437 2534 Ctesi-⁶
2497 2513 2504 2522 ,

490 2569 771 2660 phonem
813 2565 943 2633 ruri
973 2561 1192 2654 ficum
1220 2561 1435 2653 severe
1467 2565 1763 2655 inprimis
1797 2590 1874 2634 ac
1917 2565 2176 2654 restric‘le
2209 2569 2441 2637 habuit

488 2713 699 2785 pater.
740 2685 1097 2779 Aeschinus
1154 2689 1393 2753 multas
1433 2689 1773 2755 meretrices
1796 2735 1821 2772 ,
1848 2709 2031 2777 patre
2068 2690 2161 2755 ad
2215 2690 2440 2759 omnia

499 2808 915 2892 connivente,
956 2803 1294 2870 adamavit
1310 2826 1342 2884 ,-
1383 2805 1593 2871 multa
1664 2803 1972 2870 convivia
2038 2807 2377 2874 celebravit
2403 2831 2439 2890 3

500 2953 663 3021 quae
688 2925 957 3016 denique
982 2923 1279 2990 iuventus
1298 2917 1461 3009 fert,
1487 2947 1561 2991 ea
1591 2924 1812 2990 omnia
1839 2948 1970 2990 non
2003 2925 2186 2992 libere
2219 2929 2437 3015 modo,

483 3046 611 3139 sed
647 3047 838 3115 etiam
902 3045 1160 3112 licenter
1195 3047 1475 3112 exercuit
1493 3097 1520 3130 ,
1543 3044 1852 3144 postremo
1919 3046 2113 3138 usque
2162 3075 2230 3116 eo
2277 3073 2439 3143 pro-

499 3165 735 3266 greffus
758 3166 858 3256 -est
891 3192 915 3234 :
945 3168 1028 3234 In
1068 3169 1377 3260 virginem
1413 3171 1874 3260 pauperculam
1932 3170 2184 3261 quidem
2216 3223 2241 3260 ,
2305 3173 2433 3264 sed

395 3360 401 3365 ,
431 3359 436 3362 ,
506 3293 741 3359 bonam
766 3339 789 3375 ,
813 3287 999 3355 bonis
1023 3309 1418 3381 prognatam
1433 3341 1457 3376 ‚
1484 3290 1900 3380 Pamphilam
1920 3293 2179 3361 nomine
2194 3344 2224 3383 ,
2244 3320 2444 3387 quam

507 3437 710 3485 mater
766 3412 1057 3512 Sostrata
1116 3415 1319 3484 vidua
1367 3410 1590 3503 sancia
1637 3412 1859 3502 ficum
1939 3436 2000 3484 et
2041 3419 2318 3507 pudice,
2364 3440 2443 3492 ue
2519 3483 2523 3489 .

499 3552 758 3623 poterat
777 3582 800 3619 ‚
842 3533 1153 3601 educabat
1178 3582 1202 3619 ,
1236 3528 1427 3599 noHu
1467 3536 1846 3601 temulentus
1889 3559 2029 3604 cum
2078 3534 2394 3635 incidiffit
2410 3588 2440 3629 ,

505 3659 635 3727 vim
714 3660 770 3727 ei
820 3660 1087 3745 attulit,
1113 3657 1574 3752 gravidamque
1614 3651 1797 3743 fecit.
1847 3661 2024 3728 venit
2065 3661 2285 3762 postea
2352 3667 2445 3733 ad

510 3801 773 3846 matrem
811 3778 993 3845 illius
1023 3828 1047 3864 ‚
1088 3778 1345 3848 veniam
1371 3797 1598 3866 petens
1626 3826 1649 3864 ,
1678 3777 2111 3872 pollicensque
2130 3781 2236 3872 ‚fi
2253 3790 2445 3875 puel-

513 3903 648 3968 lam
679 3918 943 3967 texorem
990 3897 1341 3968 duflumm.
1372 3925 1446 3967 ea
1466 3891 1604 3989 fide
1656 3901 1817 3969 data
1839 3951 1863 3988 ‚
1903 3925 1962 3972 et
1992 3908 2282 3997 ignotum
2310 3906 2398 3996 est
2411 3958 2444 3995 ,

512 4047 573 4095 ct
616 4023 906 4093 tacitum.
969 4017 1255 4116 Ctesipho
1277 4071 1303 4103 ,
1332 4044 1474 4088 cum
1505 4021 1578 4085 in
1613 4021 1827 4090 urbem
1885 4029 2200 4097 interdum
2240 4031 2455 4097 venti·

514 4169 675 4217 taret
705 4197 728 4235 ,
756 4143 886 4239 ipfi
921 4167 1186 4238 ‚quoque
1213 4141 1626 4238 citharistria:
1669 4143 2004 4215 cuiusdam
2057 4168 2265 4216 amore
2304 4175 2443 4220 cor-
2510 4120 2517 4127 Ι

516 4295 727 4366 reptus
748 4269 850 4372 est.
882 4290 1085 4338 totam
1130 4268 1265 4335 eius
1318 4265 1409 4343 rei
1454 4259 1716 4351 famam
1747 4315 1769 4350 ,
1801 4290 1880 4333 ne
1932 4291 2062 4359 qua
2104 4293 2451 4365 emanaret,

519 4421 597 4492 ac
613 4395 970 4492 perveniret
1014 4395 1105 4464 ad
1144 4392 1461 4462 Demeam
1488 4442 1517 4480 ,
1555 4388 1626 4458 in
1641 4385 1773 4485 fist
1823 4388 2174 4481 Aefilzinus
2230 4390 2453 4483 'transq

1895 4487 2088 4555 A,
2342 4596 2630 4808 r
