2809 5234
2198 961 2383 1012 xuu

522 1542 1190 1619 ARGUMENTUM
1221 1546 2340 1631 HEAUTONTIMORUMENU.

484 1684 877 1861 CHremes
897 1779 1197 1877 gravidae
1229 1779 1419 1848 uxori
1453 1779 1601 1848 olim
1630 1781 2062 1853 interminatus
2084 1783 2192 1883 ,fi
2210 1782 2392 1876 puel-

478 1889 605 1954 lam
642 1903 882 1975 pareret
900 1932 923 1965 ‚
950 1884 1110 1950 nolle
1166 1881 1324 1946 tolli.
1419 1881 1523 1946 At
1574 1880 1688 1946 illa
1740 1885 1899 1948 elam
1950 1886 2109 1950 anui
2162 1885 2219 1951 C
2214 1885 2391 1952 orin-

481 1982 639 2051 thiae
690 1983 1090 2049 nutriendam
1146 1974 1334 2045 dedit.
1385 1972 1584 2043 Hanc
1619 1973 1904 2046 adultam
1940 1981 2156 2048 Clinia
2182 1982 2389 2050 invito

467 2099 646 2172 patre
668 2103 876 2147 amare
905 2076 1115 2167 coepit.
1158 2074 1333 2141 cuius
1376 2074 1612 2141 duritia
1640 2067 1704 2142 δ’
1728 2071 1982 2168 affiduis
2023 2078 2274 2172 iurgiis,
2320 2080 2391 2147 ire

395 2203 402 2211 ·
478 2178 770 2246 militiam
805 2172 1111 2266 proficifiti
1157 2168 1502 2261 compulsus
1545 2170 1638 2269 est.
1688 2173 1905 2271 Postea
1939 2173 2111 2262 fhffi
2152 2197 2391 2266 patrem

479 2270 910 2344 Menedemum
961 2271 1113 2338 adeo
1160 2268 1476 2360 poenituit
1501 2318 1524 2353 ,
1572 2287 1643 2335 ut
1702 2273 1917 2339 omnia
1968 2275 2272 2358 venderet,
2322 2269 2389 2343 δ’

397 2368 408 2379 ’
459 2396 693 2465 ‘agrum
722 2388 930 2437 emeret
949 2419 970 2453 ,
999 2367 1069 2433 in
1098 2390 1276 2458 eoque
1281 2364 1358 2455 fi
1384 2386 1674 2434 exerceret
1687 2389 1712 2432 .·
1757 2390 1829 2434 ut
1839 2365 1930 2461 sic
1939 2369 2077 2455 filii
2102 2371 2390 2438 iniuriam

479 2468 869 2558 ulcisceretur.
909 2466 1115 2533 Paulo
1130 2461 1272 2561 pest
1293 2465 1605 2532 revertitur
1632 2465 1849 2532 Clinia
1867 2489 1892 2530 .·
1942 2460 2008 2534 6·
2034 2466 2194 2533 elam
2218 2489 2393 2558 patre

476 2566 804 2633 divertitur
814 2562 988 2652 apud
1010 2562 1418 2649 Clitiphonem
1437 2612 1460 2647 ,
1486 2564 1590 2653 qui
1613 2556 1677 2629 G·
1707 2560 1833 2650 ipfi
1856 2564 2110 2631 amabat
2115 2561 2394 2654 floreum

482 2659 879 2728 Bacchidem.
937 2658 1140 2726 Mittit
1168 2657 1507 2749 accersitum
1532 2659 1802 2750 cupitam
1831 2661 2230 2752 Antiphilam
2262 2663 2397 2730 Cli-

484 2757 603 2825 nia
622 2777 648 2821 .·
677 2779 814 2824 cum
840 2781 961 2848 qua
992 2749 1057 2822 δ’
1084 2754 1356 2821 Bacchis
1385 2779 1516 2821 una
1542 2757 1727 2824 venit.
1770 2756 1968 2827 Hanc
1999 2755 2396 2848 adolefientes

482 2853 727 2924 Cliniae
764 2853 1035 2920 amicam
1058 2848 1373 2945 simulant
1419 2853 1567 2942 Syri
1607 2853 1860 2924 technis.
1924 2857 2269 2945 Antiphila
2311 2856 2401 2924 ad

486 2973 744 3023 matrem
769 2948 1089 3018 deducitur
1106 2969 1131 3012 .·
1171 2947 1347 3014 cuius
1374 2947 1677 3044 occasione
1707 2956 1913 3043 Syrus
1949 2956 2142 3022 decern
2179 2953 2394 3023 minas

486 3051 887 3125 meretriculae
910 3046 1121 3139 aufert
1140 3071 1183 3113 a
1214 3044 1522 3117 Chremete.
1552 3049 1804 3119 Dehinc
1832 3051 2179 3142 Antiphila
2209 3051 2266 3119 C
2260 3053 2395 3119 liti·-

477 3149 719 3244 phonis
748 3148 930 3241 soror
973 3146 1260 3238 reperitur
1277 3166 1304 3210 .·
1358 3138 1424 3211 G·
1472 3144 1715 3216 Cliniae
1756 3147 1833 3216 in
1877 3175 2134 3217 uxorem
2189 3146 2432 3219 datur.⁴

493 3248 774 3316 Chremes
812 3246 1187 3315 Bacchidem
1224 3270 1268 3313 a
1315 3243 1658 3333 Clitiphone
1694 3247 1900 3314 amari
1933 3247 2399 3314 animadvertit.

492 3343 800 3434 irafiitur.
849 3343 1155 3413 minatur.
1180 3341 1305 3433 fid
1347 3335 1414 3409 G*
1459 3343 1814 3414 Menedemo
1852 3343 2217 3410 adhortante
2246 3341 2398 3429 filio

491 3439 794 3536 ignoscit:
835 3433 900 3508 6·
940 3441 1139 3508 aliam
1185 3440 1285 3508 illi
1328 3441 1445 3507 dat
1480 3445 1814 3534 coniugem.
1892 3440 1976 3505 In
2012 3439 2219 3527 primo
2261 3435 2400 3509 afta

490 3541 701 3633 agitur
745 3539 817 3606 de
864 3529 1289 3606 coniunEione
1315 3534 1585 3625 finum,
1618 3540 1855 3627 stilicet
1903 3535 2285 3617 Menedemi,
2331 3533 2399 3607 6·

497 3637 822 3706 Chremetis
844 3656 870 3702 .·
889 3631 1098 3729 simul
1136 3628 1201 3702 δ’
1236 3636 1308 3701 de
1347 3636 1633 3702 amicitia
1682 3629 1747 3702 δ’
1777 3634 2213 3722 familiaritate
2243 3639 2402 3705 ado-

492 3732 811 3824 lefientum
831 3784 853 3814 ‚
881 3733 947 3800 in
977 3755 1103 3822 qua
1141 3731 1406 3822 Clitipho
1437 3726 1886 3822 ardentiſjimus
1909 3731 2258 3829 ostenditur.
2283 3738 2337 3802 S
2339 3759 2403 3802 e·
2542 3808 2547 3815 ¹

494 3834 734 3900 cundus
762 3828 934 3898 ailus
962 3828 1235 3896 continet
1308 3830 1780 3897 uemadmodum
1806 3828 2206 3920 adolescentes
2242 3832 2405 3899 ami-

497 3950 605 3996 cas
639 3952 758 3994 rece
800 3928 960 3994 erint
978 3947 1001 3992 .·
1037 3923 1232 4018 simul
1341 3927 1493 4017 Syri
1527 3928 1820 3995 callidum
1856 3926 2200 4023 consilium.
2248 3929 2402 3996 Ter-

496 4024 623 4091 tius
666 3952 840 4091 adies
886 4021 1186 4113 exprimit
1233 4019 1390 4112 Syri
1420 4021 1760 4122 fallaciam
1805 4027 1875 4094 in
1932 4026 2279 4106 Chremem,
2333 4045 2407 4093 ut

496 4120 861 4191 Bacchidem
887 4122 1088 4188 credat
1108 4119 1370 4210 ⁸Cliniae
1410 4115 1521 4214 ff
1552 4122 1858 4209 amicam,
1885 4117 1951 4189 ὃ·
1989 4121 2406 4210 Antiphilam

498 4220 791 4287 arraboni
817 4218 1122 4287 Bacchidi
1155 4214 1415 4287 reliflam
1449 4212 1554 4311 effi
1578 4240 1755 4309 putet
1769 4245 1886 4309 pro
1929 4240 2180 4311 argento
2197 4267 2222 4304 ,
2243 4221 2413 4311 quod

496 4342 693 4386 anum
727 4315 1112 4385 Corinthiam
1136 4314 1427 4384 meretrici
1450 4317 1648 4382 debere
1654 4314 1885 4402 finxit.
1913 4317 1995 4382 In
2022 4336 2240 4407 quarto
2264 4315 2405 4388 ac‘lu

503 4416 712 4519 agitur
734 4416 807 4484 de
834 4416 1238 4508 recognitione
1263 4412 1641 4505 Antiphilae
1660 4435 1686 4481 .·
1716 4406 1781 4481 6·
1806 4414 1877 4483 de
1914 4411 2253 4513 extorsione
2285 4442 2402 4510 areg
