2809 5234
432 1779 887 1869 LECTORIBUS

234 1946 543 2022 contortus
579 1951 920 2051 uteourtut
958 1951 989 2024 s.
1018 1932 1067 2025 13.

176 2176 523 2365 TERENTIUM,
549 2292 690 2373 poetam.
711 2273 797 2348 inter
823 2272 1018 2348 dramaticos
1039 2271 1127 2371 opti·

182 2397 291 2459 mum,
311 2376 530 2473 omniumque
551 2374 771 2447 Comicorum
794 2392 984 2459 nutrirem,
1001 2373 1033 2442 in
1054 2398 1126 2469 gra·

179 2485 254 2541 tam
272 2470 451 2545 iuventutis
460 2522 478 2561 ‚,
492 2470 545 2545 cui
563 2471 590 2543 is
611 2471 752 2543 maxime
773 2467 924 2566 prodesse
937 2471 1029 2539 omni
1043 2488 1126 2540 tem·

180 2589 260 2657 pore
288 2567 378 2641 visus
412 2569 479 2656 ell‚'
507 2569 618 2640 nostra
648 2568 775 2639 ratione
810 2588 957 2637 curatum
987 2566 1125 2640 edimus.

177 2662 252 2735 Poll
279 2687 354 2734 eum
384 2667 599 2737 adultioribus
630 2665 756 2761 legatur
787 2662 943 2735 vetustior
974 2668 1124 2751 Plautus,

178 2783 212 2835 et
226 2760 307 2848 illis,
326 2761 448 2856 quibus
466 2762 574 2833 omnis
594 2761 733 2833 latinitas
754 2784 850 2832 curae
871 2758 934 2831 elle
957 2761 1071 2846 debet,
1091 2777 1125 2832 et

180 2860 250 2944 his,
278 2858 397 2955 quibus
431 2858 598 2956 ingenium
625 2858 711 2929 alere
744 2858 868 2951 volupe
895 2854 950 2927 ell.
987 2860 1124 2929 Plautus

178 2955 332 3053 quidem,
358 2957 464 3028 homo
487 2954 572 3027 ludis
599 2954 746 3050 iocisque
773 2973 864 3025 natus
890 2971 922 3026 et
946 2953 1123 3028 inexhausti

181 3053 322 3152 ingenii,
347 3052 405 3149 qui
427 3074 529 3126 artem
554 3051 711 3123 ludicram
737 3053 824 3121 Livio
848 3054 1035 3121 Andronico
1055 3052 1123 3146 pri-

179 3176 270 3222 mum
290 3173 310 3218 a
325 3157 351 3221 S
353 3176 510 3245 aryrarum
527 3151 636 3220 modis
652 3149 693 3218 ad
707 3148 842 3239 fabulas
862 3168 1055 3244 argumento
1072 3148 1123 3217 se-

130 3316 132 3327 ,
178 3249 295 3320 tendas
323 3249 508 3320 translatam
538 3245 604 3343 (cf.
634 3247 706 3317 Liv.
725 3246 798 3316 hill.
825 3248 907 3331 Vll,
939 3269 958 3314 2
985 3266 1017 3315 et
1050 3245 1123 3320 Val.

180 3349 270 3416 Max.
290 3346 338 3427 ll,
359 3372 398 3436 4,
414 3342 467 3443 4)
489 3369 564 3439 prae
587 3343 702 3415 ceteris
722 3341 834 3414 aetatis
856 3341 930 3414 suae
950 3339 1122 3437 scriptori·

178 3442 240 3514 bus
260 3440 389 3516 scenicis
411 3444 546 3530 extulit,
568 3443 682 3512 aullor
702 3440 782 3510 alter
805 3443 981 3511 comoediae
997 3442 1120 3511 Rorna-

176 3567 236 3609 και
257 3538 407 3627 habetur,
427 3557 461 3611 et
484 3540 520 3612 vi
544 3539 673 3610 comica
697 3537 852 3610 omnibus
874 3537 1043 3631 superiore
1067 3538 1124 3610 sed

176 3636 204 3707 is
226 3660 301 3706 cum
323 3638 493 3730 pauciores
513 3637 646 3707 haberet
668 3634 884 3729 intelligentes
912 3634 1121 3728 spellatores,

177 3730 336 3824 plurimos
358 3734 530 3805 ruditatem
555 3732 681 3803 olentes
704 3747 737 3800 et
758 3733 946 3829 Satytarum
971 3732 1121 3803 licentiae

178 3826 261 3896 olim
282 3826 436 3915 alluetos,
454 3854 525 3899 non
545 3848 612 3899 tam
638 3827 764 3899 scenam
787 3830 999 3927 repurgavit,
1020 3852 1139 3924 quam.

176 3921 269 3994 vitiis
288 3921 421 3992 virtutes
436 3924 579 3995 miscuit.
616 3925 751 3994 Novam
772 3949 854 3998 vero
875 3926 1025 4022 prorsum
1048 3923 1121 3997 iniit

178 4016 274 4091 fludii
295 4017 412 4090 Mufici
431 4018 591 4093 rationem
614 4021 772 4091 Terentius
795 4023 895 4112 Afer,
913 4018 1129 4093 comoediae

176 4118 384 4194 Graecorum
410 4139 538 4206 novae,
561 4117 692 4212 eiusque
716 4116 905 4205 auilorum,
933 4119 1121 4208 Menandri,
1217 4156 1221 4169 ·

176 4217 327 4310 Diphili,
349 4218 551 4310 Apollodori,
569 4216 780 4296 Philemonis,
799 4213 955 4299 fellator,
975 4212 1120 4286 summo-
1239 4220 1246 4231 '

175 4338 251 4386 rum
276 4316 404 4388 Romae
422 4311 591 4409 suorum,
613 4310 724 4411 magni
740 4313 897 4405 Scipionis
919 4332 952 4383 et
972 4310 1128 4408 sapientis
1144 4362 1148 4377 ,

586 4428 591 4439 .
879 4431 898 4481 a
917 4433 935 4505 3
