2809 5234
2185 1001 2383 1053 XXXV

631 2097 1008 2173 DONATI
1057 2092 1554 2169 PROLOGUS
1605 2091 1698 2164 IN
1751 2090 2217 2168 ANDRIAM.

478 2291 920 2471 Comoedia.
953 2390 1247 2481 Andria,
1271 2421 1411 2467 cum
1450 2390 1704 2489 palliata
1720 2391 1950 2491 stt,de
1985 2399 2118 2463 loco
2158 2419 2403 2464 nomm*

463 2495 733 2587 accepit,
756 2518 802 2560 a
834 2493 1192 2565 Menandro
1219 2497 1400 2584 prius
1420 2546 1440 2578 ,
1468 2489 1532 2562 δ’
1575 2519 1745 2562 nunc
1777 2495 1859 2561 ab
1894 2492 2026 2585 ipſs>
2058 2492 2334 2562 Terentio
2355 2518 2387 2561 .·

331 2672 340 2679 .
461 2594 568 2687 qui
586 2643 607 2678 ,
629 2618 768 2660 cum
798 2591 869 2657 de
903 2589 1192 2686 Chryside
1224 2596 1602 2683 loqueretur,
1612 2590 1713 2687 fic
1735 2593 1825 2659 ait
1846 2617 1873 2659 .·
1910 2589 2082 2676 Hei,
2106 2612 2385 2676 vereor,

463 2713 553 2759 ne
592 2687 758 2780 quid
787 2686 1036 2756 Andria
1065 2704 1371 2779 apportet
1414 2686 1583 2756 mali.
1623 2685 1687 2757 δ’
1717 2690 1826 2757 hoc
1856 2712 2172 2757 commune
2192 2713 2388 2757 voca·

466 2788 678 2854 bulum
714 2782 792 2879 est
819 2779 883 2853 G·
926 2785 994 2849 in
1036 2783 1318 2865 Graeca,
1363 2778 1430 2850 G*
1477 2788 1545 2852 in
1597 2788 1831 2855 Latina
1884 2788 2125 2878 lingua.
2202 2786 2397 2853 Haec·

466 2881 691 2952 maiori
721 2904 800 2947 ex
826 2900 1013 2971 parto
1043 2877 1331 2947 motoria
1362 2879 1441 2975 est
1457 2907 1487 2961 ;
1522 2883 1906 2974 continetque
1939 2882 2112 2951 aflus
2145 2904 2387 2950 amato·

470 3005 607 3050 rum
633 2975 1106 3070 adolescentium
1125 3026 1147 3057 ,
1178 2969 1244 3045 G·
1258 2997 1517 3067 patrum
1536 2979 1811 3067 piorum.
1852 2984 1904 3047 S
1907 3000 2025 3047 unt
2049 2980 2135 3046 ibi
2172 2980 2401 3048 callidi-

449 3078 625 3171 Jirvi
638 3130 659 3164 ‚
686 3075 917 3177 astutae
958 3076 1260 3162 ancillae,
1276 3071 1477 3164 severi
1499 3072 1685 3165 fines
1700 3127 1721 3161 ,
1762 3075 2199 3168 adokfientuli
2230 3079 2384 3146 libe-

469 3180 648 3246 rales.
697 3177 781 3244 In
825 3176 971 3264 bac,
1007 3177 1249 3267 primae
1283 3194 1495 3262 partes
1523 3171 1697 3264 sinis
1743 3174 2036 3243 Simonis
2060 3174 2389 3263 sunt‚se-'

469 3276 705 3344 eundae
724 3274 954 3360 Davi,
981 3274 1195 3343 tertiae
1226 3271 1587 3359 Chremetis,
1614 3266 1679 3343 G·
1704 3273 1984 3361 deinceps
2008 3271 2393 3363 reliquorum.

473 3374 778 3465 Prologus
810 3372 886 3441 in
920 3371 1037 3442 hac
1071 3397 1208 3442 acar
1240 3370 1588 3458 inducitur,
1616 3364 1682 3441 G*
1727 3371 1801 3438 in
1841 3364 2221 3457 adversatios
2256 3391 2401 3435 non·

471 3471 846 3539 mediocriter
876 3469 1272 3562 exasperatur
1283 3497 1315 3553 ;
1334 3467 1460 3560 sed
1479 3491 1685 3539 tamen
1710 3469 1782 3536 id
1786 3464 2126 3558 subtiliter,
2150 3486 2221 3535 ut
2254 3488 2391 3536 om.-

472 3570 585 3636 nia
627 3568 927 3664 lacfftus
962 3568 1165 3657 facete
1201 3569 1516 3654 videatur,
1548 3592 1624 3639 ac
1662 3566 1880 3635 dicem
1940 3560 2073 3635 Hic
2115 3559 2391 3658 protafis

454 3663 740 3756 subtilis,
757 3665 1014 3761 epitasis
1035 3664 1415 3759 mmultuosa
1430 3716 1452 3749 ‚
1470 3660 1873 3757 catastrophe
1886 3687 2084 3754 paene
2096 3663 2334 3755 tragica
2352 3689 2385 3746 ,-

475 3758 541 3831 δ’
574 3785 782 3833 tamen
815 3787 1044 3854 repente
1069 3791 1150 3834 ex
1182 3765 1279 3832 his
1306 3765 1498 3832 turbis
1538 3765 1619 3831 in·
1652 3764 2053 3855 tranquillum
2087 3762 2401 3851 pervenit..

335 3906 388 3947 ,Γ
478 3858 648 3927 Haec
674 3863 881 3950 prima
903 3859 1043 3930 aila
1076 3861 1161 3959 est
1181 3862 1348 3928 ludis
1374 3856 1822 3952 Megalensibus
1843 3910 1864 3945 ‚
1891 3860 1996 3928 Μ.
2021 3858 2288 3941 Fulvio,
2323 3850 2402 3925 G·-

478 3956 577 4022 M.
610 3954 983 4041 Glabrione,
1009 3957 1343 4024 Aedilibus
1384 3956 1730 4027 CurulibuS.
1774 3959 2059 4052 Egerunt
2099 3957 2171 4023 L.
2206 3952 2395 4019 Atti-

478 4052 599 4120 lites
627 4049 1084 4146 Praenestinus,
1112 4046 1180 4123 G·
1205 4055 1278 4121 L.
1303 4052 1650 4123 Ambivius
1686 4055 1933 4147 Turpio.
1981 4052 2212 4122 Modos
2230 4048 2408 4136 ficit:

480 4151 782 4234 Flaccus,
814 4148 1072 4220 Claudii
1089 4149 1314 4237 filius,
1344 4150 1525 4220 tibiis
1538 4151 1805 4240 paribus
1826 4204 1848 4235 ,
1886 4149 2124 4219 dextris
2150 4141 2411 4241 &fini-

457 4247 636 4350 stris.
669 4251 761 4317 Et
784 4275 813 4317 e
884 4268 1019 4315 tota
1039 4246 1315 4332 Graeca,
1340 4249 1501 4319 edita
1528 4248 1949 4320 M..Marcello
1965 4296 1988 4331 ,
2011 4239 2077 4313 6·
2105 4244 2222 4341 Cn.
2246 4246 2407 4313 Sut-

470 4349 650 4439 picio
669 4348 753 4415 Co
810 4400 825 4418 .
856 4346 1398 4435 Pronuntiataque
1423 4344 1505 4443 est
1540 4346 1803 4413 Andria
1845 4343 2146 4428 Terentii,
2178 4345 2253 4411 ob
2287 4345 2410 4412 in·—

475 4447 795 4539 cognitum
832 4446 1035 4517 adltuc
1067 4468 1292 4513 nomen
1332 4445 1562 4515 Poetae.
1591 4436 1656 4514 G·
1683 4442 1953 4515 minoris
1993 4443 2168 4533 apud
2190 4466 2405 4535 popu.-

1902 4562 2033 4617 02-
