2809 5234
288 846 365 930 324
535 826 603 899 n
651 810 1047 897 ‘rennnrrr

187 1022 190 1031 ·
290 994 389 1079 Nec,
405 1011 475 1087 qua
487 986 546 1061 via
563 983 730 1058 sententia
747 986 822 1058 eius
841 982 942 1083 poffit
958 981 1085 1056 mutari
1095 1035 1109 1074 ‚
1126 982 1226 1062 scio:

292 1114 371 1187 Hoc
392 1109 477 1182 nihi
505 1134 613 1182 unum
639 1133 682 1180 ex
714 1106 870 1205 plurimis
901 1103 1043 1179 miseriis
1072 1104 1278 1206 relliquum

486 1227 598 1301 fuerat
617 1228 766 1320 malum,
1228 1250 1274 1329 55

158 1350 185 1403 Ψ
290 1358 347 1451 Si,
363 1379 510 1454 puerum
536 1374 574 1428 ut
603 1354 749 1446 tollam,
779 1353 894 1452 cogit,
918 1347 1015 1432 culus
1038 1376 1105 1428 nos
1138 1353 1208 1455 qui
1234 1355 1279 1430 fit

479 1473 647 1552 nescimus
667 1494 793 1572 pater:

290 1605 382 1678 Nam
394 1621 475 1675 cum
498 1594 689 1692 compreffa
702 1593 751 1666 est
764 1612 863 1693 gnata
882 1606 918 1686 ¹,
934 1595 1046 1670 forma
1058 1594 1096 1667 in
1111 1595 1276 1670 tenebris

280 1766 283 1773 ·
487 1715 584 1792 nosci
607 1742 681 1790 non
699 1717 797 1816 quita
817 1714 865 1790 est
881 1733 917 1789 ²:

290 1851 416 1947 Neque
434 1843 621 1919 detralhtm
643 1840 676 1914 ei
692 1858 768 1913 tum
788 1838 978 1938 quidquam
1002 1835 1067 1930 est,
1096 1839 1161 1938 qui
1187 1840 1271 1939 post

480 1966 583 2072 ppffit
603 1963 722 2056 nosci,
745 1965 806 2064 qui
837 1964 922 2037 fiet:

290 2094 365 2195 lpse
396 2093 521 2191 eripuit
546 2091 606 2183 vi,
631 2091 668 2164 in
694 2090 805 2190 digito
835 2113 940 2187 quem
960 2087 1106 2181 habuit,
1136 2090 1267 2190 virgini

481 2218 597 2293 abiens
619 2216 761 2290 anulum
781 2233 817 2284 ⁵:

290 2344 400 2420 Simul
424 2366 553 2419 vereor
568 2357 586 2403 4
604 2337 851 2435 Pamphilum,
872 2361 917 2411 ne
940 2354 1039 2411 orata
1062 2335 1181 2412 nostra
1200 2362 1266 2411 ne·

482 2482 587 2561 queat
609 2460 739 2534 diutius

1216 2466 1266 2537 6ο

291 2589 433 2678 Celare,
447 2611 527 2661 cum
539 2583 640 2678 sciet,
651 2585 802 2660 alienum
819 2608 965 2683 puerum
982 2584 1062 2657 tolli
1076 2609 1142 2681 pro
1154 2582 1217 2657 suo
1239 2604 1267 2660 τ.

332 2819 348 2860 1
373 2797 528 2859 Narrando
549 2799 679 2873 malum,
700 2820 734 2861 ea

290 2903 379 2980 dicit,
402 2926 474 2990 quae
501 2912 528 2965 &
553 2904 733 2966 difficultates
778 2926 782 2931 ⁴

288 3008 361 3071 att.
385 3008 430 3071 IV
457 3030 605 3071 eventuras
633 3008 737 3095 easque

290 3111 498 3196 insuperabiles
540 3133 713 3198 praeparent
726 3135 742 3194 ς

291 3217 375 3286 stmul
385 3215 534 3283 aderitum
541 3220 739 3304 fabulaespec·

291 3345 362 3391 tant.

333 3455 349 3492 2
373 3434 503 3518 Antique
525 3456 621 3515 qaeor,
637 3456 655 3495 a
673 3458 738 3518 queo

291 3534 735 3620 Sall-lug.c.31p.126.ed.Bip.

295 3665 323 3704 a.
335 3645 450 3705 Lucret.
466 3646 494 3717 l,
511 3664 587 3718 1044
601 3659 717 3724 queatw.

336 3770 350 3827 3
373 3749 426 3807 Ille
440 3749 539 3811 anulus
551 3750 667 3810 initium
680 3750 735 3813 etit

295 3851 498 3936 cognoscendi,
511 3855 653 3938 virginem
664 3854 738 3915 olim

294 3981 314 4024 a
326 3959 447 4043 Pamph.
460 3956 648 4041 compressam
659 3957 714 4024 effe
725 4006 736 4035 ,

296 4085 440 4151 excoque
456 4065 664 4149 hnncpuerurn
681 4088 738 4132 na«

294 4186 376 4250 tum3
387 4172 423 4235 cf.
437 4170 485 4249 V,
502 4196 530 4236 2.

856 2823 876 2874 4
896 2798 999 2883 Magni
1007 2799 1105 2880 „igitur
1123 2817 1215 2858 metus
1232 2818 1264 2857 e·

817 2925 883 2966 runt
903 2906 1017 2989 utrique
1031 2905 1108 2988 parti
1124 2925 1178 2986 pet
1192 2906 1262 2969 Aet.

822 3009 878 3074 lv.

862 3139 876 3195 5
895 3115 995 3183 Vacua
1004 3117 1119 3179 demum
1127 3115 1210 3180 scena
1221 3117 1264 3192 lit,

821 3246 916 3311 neque
925 3225 1016 3288 ullum
1025 3227 1134 3311 fignum
1146 3227 1194 3302 fit,
1204 3250 1264 3312 quo

817 3333 884 3395 huic
893 3335 988 3395 scenae
997 3336 1265 3421 sequentem,qua1n

820 3457 885 3497 cum
900 3436 1035 3496 Dacieria
1053 3439 1180 3518 primam
1193 3443 1262 3502 novi

819 3537 898 3599 astus
907 3534 1035 3611 facimus,
1044 3543 1213 3605 continuam
1223 3543 1263 3603 es·

817 3641 845 3704 se
853 3656 998 3726 appareat.
1009 3644 1197 3710 Intervallum
1208 3673 1263 3712 an.

817 3769 900 3825 tem,
925 3751 999 3812 inter
1027 3751 1101 3814 hanc
1130 3755 1265 3820 ultimam

820 3850 857 3916 sc.
874 3855 944 3916 Aet.
961 3856 1024 3930 111,
1046 3864 1074 3916 &
1089 3855 1130 3939 sq.
1147 3861 1267 3938 aetum,

820 3962 916 4022 datum
923 3962 962 4021 est
971 3963 1116 4038 motibus,
1129 3986 1204 4052 quos
1220 3941 1286 4030 se?

820 4086 871 4127 nes
882 4069 932 4140 ,in
942 4089 1045 4129 uxores
1055 4070 1120 4130 irati
1131 4090 1268 4157 uterque,

823 4173 903 4236 doni
918 4176 1112 4240 concitabunt.
