2809 5234
1271 642 1277 647 ¹
2010 616 2024 639 Ι

853 905 1662 982 ΧἈῙ)Ῑ.·”.Ι..ΡΗῙ.
1917 898 1939 915 ’
2200 921 2420 994 91‘

502 1152 1016 1226 acrys
1099 1151 1259 1221 tr
1350 1141 1867 1216 sci-:NA
1981 1142 2205 1233 1X¹2

860 1360 1286 1448 SYRUS,
1370 1346 1808 1430 DEMEA.

362 1590 443 1659 S.
490 1489 976 1679 AEdepol,
1006 1575 1381 1679 Syrisce,
1310 1595 1338 1627 ²
1423 1592 1496 1648 te
1537 1572 1784 1648 curasti
1831 1571 2178 1657 molliter,

364 1711 721 1804 Lauteque
771 1727 1023 1776 munus
1075 1695 1552 1774 administrasti
1600 1715 1856 1770 tuum:

366 1829 502 1901 Abi
555 1845 605 1904 ³.
656 1826 773 1901 sed
828 1825 1193 1924 postquam
1251 1824 1438 1895 intus
1493 1818 1642 1893 sum
1692 1820 2010 1894 omnium
2066 1840 2330 1893 rerumx

757 1948 943 2023 satur
978 2001 1005 2042 ,

359 2191 558 2252 adfuit.
577 2190 742 2252 Don.
772 2191 845 2252 ad
880 2189 939 2250 h.
962 2185 1006 2249 l.
1029 2185 1255 2246 Teren·

1000 2290 1253 2356 Caecilii

359 2299 502 2355 tium
577 2297 917 2378 gravitatem

358 2402 647 2462 imitatum
696 2403 858 2463 dicit.

452 2531 475 2569 1
512 2509 741 2570 Omnes
783 2509 901 2569 fere
932 2508 1062 2570 edd.
1108 2509 1245 2570 inde

360 2611 430 2672 ab
465 2609 703 2671 Erasmo
730 2657 747 2683 ‚
770 2610 937 2684 hinc,
962 2611 1058 2670 ubi
1082 2611 1247 2674 nullo

359 2715 665 2779 intervallo
709 2739 859 2800 opus
884 2763 903 2792 ,
951 2717 1100 2780 male
1140 2742 1245 2780 ot-

364 2823 595 2883 diuntut
644 2824 865 2884 Aecum
890 2822 986 2898 V,
1026 2843 1252 2905 praetet-

359 2936 689 3000 Dacietiam
715 2984 732 3013 ,
784 2958 931 3021 quae
986 2936 1136 2999 hanc
1193 2947 1249 2999 ει

358 3044 440 3131 sq.
464 3049 535 3106 sc.
578 3050 733 3106 reete
775 3047 934 3106 addit
990 3044 1120 3119 IV,
1163 3047 1248 3106 uti

358 3163 415 3214 δι
455 3155 544 3215 ed.
598 3157 794 3216 nostra
831 3174 945 3215 vet.
990 3155 1248 3218 Restabat

360 3260 586 3323 Demea
606 3261 801 3347 (quem
826 3281 999 3321 nemo
1023 3257 1249 3342 sapiens

359 3362 583 3446 digredi
608 3368 671 3423 in
722 3367 908 3427 otium
943 3368 1192 3447 patiatur
1223 3376 1248 3446 )

358 3469 429 3528 ex
472 3471 658 3551 priori
695 3468 861 3532 scena
898 3469 1019 3532 viso
1048 3472 1242 3557 Syro;

353 3571 588 3656 eiusque
627 3596 779 3637 nunc
801 3576 1113 3638 adventum
1139 3597 1249 3658 op·

357 3677 595 3752 peritur.
616 3676 858 3738 Oblitus
877 3698 1009 3736 eum
1028 3698 1148 3737 erat
1168 3674 1248 3737 se·

358 3794 467 3834 nex
489 3820 506 3845 ‚
543 3797 662 3857 quo
685 3780 1003 3858 imaginem
1039 3780 1246 3840 domus·

359 3877 641 3940 fraternae
689 3881 1028 3943 absolveret.
1072 3885 1251 3964 Syrus

359 3984 587 4045 incedet
599 3987 773 4047 etiam
788 4033 807 4061 ,
822 4007 942 4045 non
970 3987 1086 4046 iam
1103 3988 1251 4046 astu-

359 4108 449 4150 tus
494 4087 629 4164 ille,
666 4087 763 4152 sed
811 4087 1047 4148 madens
1089 4089 1251 4148 vino.

357 4194 587 4256 Donati
613 4196 687 4257 ad
712 4195 771 4255 h.
797 4193 839 4255 1.
869 4212 1068 4254 notam
1086 4213 1256 4275 ptor-

358 4295 449 4359 sus
502 4319 832 4383 corruptam
869 4298 945 4360 fic
965 4300 1248 4360 ernenda-

356 4424 528 4466 mast
556 4407 670 4489 Qui
700 4409 872 4469 adhuc
914 4406 1074 4495 um‘t³
1092 4404 1249 4467 Cliti-

1409 2183 1633 2266 phonem
1651 2180 2016 2264 perfitllacias
2038 2226 2056 2256 ‚
2094 2180 2201 2241 iam
2240 2141 2313 2240 0--

1409 2309 1584 2372 portet
1611 2309 1674 2350 ut
1692 2291 1871 2350 'ebrius
1901 2291 2180 2350 inducatur
2195 2292 2304 2368 Sy-

1336 2418 1352 2432 ·
1409 2422 1502 2461 ras
1512 2422 1541 2473 ,-
1557 2421 1658 2480 per
1671 2400 1824 2459 cuius
1834 2396 2094 2476 fizbulas(
2115 2395 2304 2456 levem

1411 2507 1805 2590 garrulitatem
1821 2514 1876 2566 8(
1902 2506 2110 2588 agendi
2128 2506 2305 2564 ratio-

1413 2633 1570 2674 nem.
1600 2610 1674 2672 cf.
1712 2612 1874 2672 Don.
1910 2611 1983 2672 ad
2015 2608 2092 2670 sc.
2136 2609 2220 2694 sq.
2248 2630 2305 2670 v.

1418 2721 1514 2801 5.)
1548 2737 1804 2802 retegatur
1843 2721 1995 2779 idem.
2027 2718 2168 2778 Inde
2192 2736 2308 2777 tur·

1418 2825 1522 2888 bae
1559 2825 1882 2887 excrescent
1910 2825 1979 2884 ad
2007 2822 2310 2884 summum.

1499 2963 1532 2999 ι
1572 2936 1958 2999 Abblanditur
1993 2933 2091 2993 fibi
2130 2933 2307 2993 madi—

1419 3046 1525 3107 dus
1560 3065 1752 3105 mente
1783 3043 1969 3103 servus
1995 3087 2011 3114 ,
2051 3041 2305 3099 diminu·

1417 3160 1534 3218 tiva
1591 3154 1671 3216 sui
1724 3153 1980 3214 nominis
2038 3148 2305 3209 formula.

1417 3258 1514 3322 Cf.
1547 3258 1719 3342 supra
1751 3259 1841 3318 Se.
1880 3280 1917 3331 4
1943 3274 2084 3315 extr.
2116 3251 2306 3312 Cura·

1415 3388 1571 3429 verat
1595 3366 1652 3428 se
1676 3389 1781 3449 per
1803 3389 1828 3444 5
1858 3363 2145 3425 scenarum
2187 3361 2309 3442 spa-

1415 3475 1579 3534 tium.
1597 3472 1799 3533 Prodit
1818 3491 1954 3531 vero
1969 3468 2038 3528 fic
2052 3469 2307 3549 primum

1412 3577 1544 3658 post
1581 3579 1965 3658 potationem.

1477 3699 1503 3756 3
1528 3677 1627 3737 Sic
1652 3678 1952 3737 Donatus:
1979 3677 2199 3736 Verbum
2221 3675 2312 3736 vel

1395 3784 1504 3860 fibi
1547 3783 1587 3843 l.
1647 3784 1800 3842 alteri
1850 3806 1965 3844 cum
2013 3785 2310 3844 laudatione

1418 3890 1748 3949 blandientis.
1795 3891 1946 3950 Nam
1975 3893 2057 3970 fic
2095 3895 2306 3962 dicunt,

1416 3993 1508 4070 qui
1522 3993 1627 4050 iam
1653 4014 1908 4074 compotes
1930 3997 2051 4071 licut
2074 4016 2309 4056 votorum

1416 4093 1644 4152 omnium
1663 4139 1680 4167 ,
1715 4093 2025 4175 perfidique
2061 4099 2119 4155 in
2160 4099 2310 4156 rebus

1421 4195 1689 4274 universis.
1732 4199 1829 4259 Sic
1872 4209 1928 4259 &
1974 4199 2140 4281 supra
2174 4200 2307 4260 De-

1414 4320 1544 4361 mea
1583 4298 1654 4362 fc.
1690 4324 1723 4360 ι
1745 4347 1764 4376 ,
1795 4325 1849 4364 v.
1884 4324 1953 4378 25
2005 4306 2070 4362 in
2105 4302 2306 4367 absen-

1415 4423 1534 4469 tem
1565 4403 1785 4471 filium:
1813 4409 2000 4475 Laudo
2015 4454 2034 4483 ,
2055 4410 2309 4495 equvho,
