2809 5234
272 862 318 935 ,ο
517 832 990 910 P.·T-ERENT'11

268 1005 382 1103 Rogo.
413 1018 510 1099 negat
537 999 666 1074 vidilse.
693 1000 777 1072 mihi
800 999 986 1074 molestum.
1008 997 1095 1099 quid
1119 1024 1242 1101 agam,

439 1127 564 1226 cogito.
1238 1218 1246 1234 .

270 1252 435 1328 Redeunti
455 1251 579 1322 interea
593 1271 633 1319 ex
648 1249 716 1345 ipsa
728 1274 764 1322 re
776 1250 823 1323 mi
836 1249 956 1325 incidit
970 1249 1240 1349 suspicionem,

239 1392 241 1398 '
269 1380 441 1453 Paululum
460 1374 590 1447 obsoni.
608 1374 693 1471 ipsus
706 1374 814 1448 tristis.
830 1375 871 1448 de
892 1376 1078 1472 improviso
1093 1381 1241 1475 nuptiae.

267 1506 348 1578 Non
378 1503 568 1574 cohaerent.
604 1499 645 1570 P.
667 1498 904 1597 quorsumnam
935 1500 1066 1576 isthuc?
1096 1509 1148 1577 D.
1171 1530 1241 1605 ego

440 1647 493 1694 me
517 1624 679 1695 continuo
699 1626 740 1695 ad
762 1625 956 1699 Chremem.
1223 1612 1231 1631 .

266 1755 386 1846 Quum
410 1748 469 1820 illo
493 1749 663 1821 advenio:
687 1748 835 1823 solitudo
858 1732 934 1825 anie
954 1749 1089 1829 ostium.
1114 1752 1180 1827 iam
1200 1755 1238 1829 id

439 1874 570 1972 gaudeo
590 1889 613 1945 ¹.
1187 1903 1233 1976 25

183 2085 189 2095 ¹
261 2006 314 2075 ·P.
340 1998 441 2073 Rede
468 1997 560 2072 dicis.
586 2023 696 2096 perge.
723 2000 775 2071 D.
798 2021 930 2072 maneo.
950 1997 1073 2075 interea
1097 2001 1238 2076 introire

436 2125 604 2196 neminem

268 2250 400 2341 Video,
411 2249 503 2322 exire
511 2247 697 2322 neminem:
708 2265 896 2320 matronam
906 2248 1040 2323 nullam.
1054 2249 1087 2322 in
1100 2246 1238 2326 aedibus

269 2376 326 2447 Nil
344 2375 476 2461 ornati,
496 2375 540 2446 nil
560 2371 705 2445 tumulti.
732 2371 872 2447 ncceffi:
891 2373 1084 2471 introspexi.
1103 2376 1144 2447 P.
1157 2373 1238 2450 scio.

270 2503 431 2600 Magnum
462 2498 600 2597 fignum.
655 2499 708 2568 D.
743 2520 823 2568 num
858 2498 1017 2573 videntur
1049 2500 1235 2576 convenire

438 2623 518 2696 haee
545 2620 696 2719 nuptiis?

269 2752 311 2824 P.
339 2752 419 2822 Non
443 2749 592 2846 opinor,
619 2749 734 2822 Dave.
764 2752 815 2819 D.
847 2746 974 2848 opinor
997 2748 1133 2822 narras?
1162 2775 1234 2825 non

439 2873 526 2946 rede
546 2870 676 2969 accipis.
1185 2901 1236 2972 30

270 2998 371 3071 Certa
390 3021 443 3070 res
467 2995 523 3071 est.
554 2996 652 3071 etiarn
677 3020 818 3094 puerum
843 2994 922 3068 inde
948 2994 1061 3071 abiens
1085 3002 1232 3075 conveni

437 3121 612 3210 ChremiS,

140 3328 143 3333 ,
268 3249 370 3322 Olera
393 3247 621 3343 et'pisciculos
635 3243 782 3317 minutos
799 3242 885 3318 ferre
906 3245 1012 3320 obolo
1035 3248 1071 3321 in
1090 3272 1232 3325 coenam

263 3388 302 3439 ·.
400 3369 538 3443 ¹seni·
1144 3440 1147 3447 .

171 3494 176 3503 '
272 3498 309 3564 C.
335 3495 621 3581 Liberunum,
648 3495 773 3584 Dave,
792 3492 892 3568 hodie
914 3514 970 3569 tua
989 3521 1103 3595 opero.
1127 3502 1178 3573 D.
1197 3515 1232 3573 at

439 3618 547 3691 nullus
568 3620 715 3718 quidem.

170 3841 174 3851 ¹
271 3744 308 3813 C.
331 3738 425 3833 Quid
451 3741 525 3812 ita?
551 3768 668 3842 nempe
695 3745 771 3818 huic
799 3745 930 3841 prorsus
957 3741 1045 3821 illam
1070 3772 1141 3821 non
1163 3748 1229 3822 dat.

438 3868 489 3936 D.
509 3867 684 3943 ridiculum
709 3871 828 3970 caput!

206 4040 208 4046 -
267 3952 369 4084 Qudst
386 3989 515 4062 necelle
536 3990 573 4063 stt
585 3992 634 4081 ,fi
655 3996 730 4071 huic
745 4022 816 4070 non
830 3999 885 4072 dat
898 4000 955 4086 ,le
976 3999 1064 4072 illam
1087 4023 1228 4074 uxorem

435 4117 570 4188 ducere.
1182 4149 1222 4220 35

313 4253 324 4292 r
353 4234 441 4315 Quali
466 4236 593 4297 aversum
613 4237 645 4299 dt
665 4259 722 4300 non
780 4241 825 4303 sun
842 4244 942 4304 excitat
958 4243 993 4303 nd
1010 4245 1146 4326 gaudium.

269 4323 477 4409 consentientem
487 4329 602 4411 Pamph.
620 4332 720 4393 laetitia
