2809 5234
806 978 1946 1058 ARGanNTUM.
2313 1001 2439 1081 ς-

424 1148 563 1244 viso
601 1151 873 1243 quodam
915 1149 1165 1235 iaculo,
1192 1148 1531 1240 fituciatus
1571 1142 1922 1250 adolescens
1950 1191 1977 1228 ,
2001 1146 2170 1244 quid
2210 1171 2359 1241 agv-

429 1298 548 1356 ret‚
583 1297 697 1344 aut
729 1244 888 1366 quid
917 1271 1159 1370 confilii
1200 1288 1468 1364 caperet,
1501 1270 1852 1362 nesciebat:
1888 1295 2075 1362 quum
2107 1274 2197 1339 ad
2222 1296 2362 1340 eum

430 1402 677 1468 Davus
698 1449 722 1485 ‚
779 1396 964 1490 vafro
1012 1397 1351 1464 admodum
1389 1416 1465 1463 ac
1505 1393 1747 1486 rerfieto
1796 1394 2051 1488 ingenio
2091 1392 2318 1493 servus
2339 1445 2365 1481 ,

430 1520 868 1612 animadversa
886 1518 1068 1611 senis
1103 1517 1329 1619 astutia
1348 1568 1370 1603 ,
1393 1521 1677 1588 accurrit.
1719 1520 1884 1587 Erat
1908 1541 2040 1587 tum
2065 1543 2203 1586 una
2226 1543 2368 1588 cum

433 1645 778 1737 Pamphilo
808 1644 1158 1730 Charinus,
1181 1646 1289 1738 qui
1311 1643 1662 1732 adolescens
1689 1645 1843 1710 mim
1867 1645 2139 1745 quodam
2166 1667 2378 1712 amore·

434 1770 848 1840 Philumenae
884 1766 1202 1859 incenfiaes,
1220 1766 1458 1866 frustra
1483 1766 1669 1857 fhepe
1698 1769 1955 1835 tenentis
1991 1769 2168 1836 illius
2206 1792 2373 1858 nup-

357 1913 364 1921 '
432 1897 544 1965 tiis
566 1945 591 1981 ,
616 1897 707 1983 ad
732 1893 1102 1992 postremum
1125 1893 1398 1977 ‘audit03
1426 1915 1565 1959 eam
1586 1916 1653 1958 eo
1679 1892 1773 1958 die
1805 1912 2142 1982 nupturam
2170 1890 2377 1993 Pam-

425 2018 608 2112 philo
636 2070 659 2103 ‚
697 2021 772 2087 in
793 2017 1122 2110 summam
1159 2006 1636 2107 desperationem
1676 2014 1980 2083 adduilus
1995 2065 2016 2101 ,
2053 2041 2188 2085 eum
2224 2041 2375 2085 ora-

348 2189 355 2207 -‚
436 2144 548 2213 bat
573 2192 596 2230 ,
613 2139 691 2239 fi
718 2140 795 2233 fi
822 2142 1083 2232 salvum
1136 2142 1314 2210 vellet
1336 2190 1358 2226 ,
1409 2159 1480 2207 ut
1514 2141 1617 2206 vel
1654 2164 1789 2206 eam
1835 2163 1913 2207 ne
1960 2143 2195 2208 duceret
2212 2192 2235 2227 ,
2281 2145 2391 2211 vel

413 2265 647 2359 saltem
684 2268 928 2357 nuptiis
957 2268 1090 2334 dies
1125 2265 1376 2354 aliquot
1395 2263 1774 2353 produceret.
1823 2262 2205 2354 Pamphilus
2237 2268 2379 2335 eum

415 2389 550 2482 fita
590 2391 836 2481 quidem
885 2386 1077 2477 causa
1126 2389 1287 2456 bono
1333 2381 1439 2483 ff
1483 2387 1742 2468 animo,
1794 2407 1978 2476 atque
2033 2389 2251 2454 omnia
2292 2388 2398 2503 ad

439 2512 864 2602 impediendas
905 2511 1172 2602 nuptias
1215 2511 1426 2579 moliri
1470 2510 1764 2577 iubebat:
1788 2508 1866 2599 fi
1887 2560 1909 2596 ‚
1949 2531 2258 2601 quantum
2306 2510 2380 2579 in

424 2635 499 2729 fi
538 2631 672 2731 effset
685 2683 710 2718 ,
744 2630 1137 2729 effizilurum,
1170 2659 1243 2701 ea
1284 2655 1354 2701 ut
1397 2659 1473 2700 ne
1504 2636 1763 2727 daretur
1781 2630 1923 2728 sibi.
1973 2636 2401 2722 Adveniens,

442 2781 515 2828 ιιι
551 2760 750 2840 dixi,
790 2742 1064 2844 Davus,
1112 2757 1495 2842 Charinum,
1536 2756 1667 2823 iam
1698 2756 1843 2847 spei
1879 2761 2173 2848 plenum,
2211 2760 2384 2828 abire

442 2886 536 2955 ad
555 2882 919 2953 ambiendos
933 2880 1115 2971 finis
1139 2881 1376 2948 amicos
1404 2879 1608 2967 iubet:
1645 2881 1871 2949 deinde
1870 2881 2151 2974 fiorl'urn
2180 2883 2386 2952 Pam-

436 3010 626 3102 philo
640 3000 1030 3077 ‘coniecturas
1071 3002 1243 3095 suas
1296 3005 1497 3095 aperit
1512 3055 1534 3090 ,
1577 3003 2009 3096 persuadetque
2035 3056 2057 3091 ,
2096 3029 2166 3077 ut
2206 3006 2393 3099 patri,

440 3135 611 3204 dicat
632 3183 654 3218 ,
674 3133 748 3222 fi
772 3151 1074 3223 paratum
1118 3123 1228 3228 effi
1248 3181 1270 3219 ‚
1306 3154 1569 3199 uxorem
1614 3131 1822 3199 ducere
1847 3156 1875 3199 .·
1916 3157 2070 3199 nam
2112 3130 2181 3200 eo
2218 3158 2385 3222 pac-
2481 3202 2487 3208 ,

442 3281 508 3336 to
527 3308 549 3343 ,
583 3257 829 3349 inquit,
874 3251 940 3325 6·
968 3257 1148 3348 patri·
1183 3281 1435 3325 omnem>
1464 3255 1766 3348 iurgandi·
1797 3251 2170 3348 occasionem
2196 3266 2388 3345 prae-.-

442 3382 667 3451 cideris
691 3432 711 3468 ,
740 3375 806 3450 6·
830 3405 961 3520 non
995 3360 1117 3448 erit*
1141 3402 1354 3448 tamen
1380 3382 1740 3461 verendum,
1768 3403 1844 3445 ne
1876 3376 2135 3467 nuptiae
2158 3377 2336 3465 fiant
2357 3403 2386 3449 ε

443 3531 774 3600 nunquam
817 3505 977 3576 enim
1035 3505 1314 3574 Chremes
1354 3504 1468 3571 tibi
1490 3553 1512 3591 ‚
1544 3501 1743 3588 fimel
1783 3500 2143 3592 repudiato,
2168 3502 2415 3605 filiam.

426 3632 637 3723 suam
664 3633 885 3700 iterum
933 3625 1357 3725 conimiffurus
1401 3625 1499 3728 est.
1552 3625 1733 3695 Haec
1774 3625 1871 3694 ita
1920 3629 1997 3695 de
2022 3625 2197 3718 firvi
2232 3653 2388 3731 con-

426 3753 581 3851 silio
620 3753 795 3840 aaa,
829 3759 1012 3846 longe
1054 3754 1239 3822 aliter
1269 3752 1559 3834 cecidero,
1600 3775 1676 3819 ac
1712 3751 2120 3841 putabantur.
2169 3774 2393 3823 exorat

448 3877 614 3943 enim
657 3872 1058 3943 Chremetem
1068 3877 1264 3945 Simo.
1318 3877 1429 3943 Ita
1468 3899 1560 3943 res
1597 3875 1669 3943 in
1711 3900 1991 3951 verarum
2031 3879 2392 3971 nuptiarum

452 3996 778 4087 discrimen
802 3997 1152 4068 adducitur.
1202 4000 1383 4067 Forte
1408 4024 1475 4067 eo
1501 3998 1628 4091 ipse
1660 4001 1754 4070 die
1778 4000 2139 4093 Giycerium
2155 4051 2178 4087 ,
2202 4025 2421 4071 exacer

348 4155 351 4158 ⁴
450 4122 542 4192 tis
582 4119 950 4212 temporibus
965 4169 987 4204 ,
1023 4144 1284 4208 puerum
1325 4121 1555 4213 peperit
1581 4149 1616 4192 .·
1655 4150 1792 4193 eum
1817 4151 2080 4217 puerum
2111 4127 2397 4211 Davus,

422 4272 643 4345 ‘quum
692 4246 877 4314 aliter
916 4243 1179 4335 nuptias
1221 4245 1557 4346 disturbare
1599 4273 1730 4316 non
1748 4296 1753 4301 -
1773 4244 1974 4344 poffit
1996 4296 2019 4331 ,
2046 4247 2411 4341 praefori-

452 4373 569 4439 bus
600 4371 846 4439 aedium
875 4364 1166 4457 Simonis
1208 4373 1290 4441 ab
1329 4371 1570 4441 ancilla
1605 4373 2038 4441 collocandum
2062 4395 2256 4445 curat.
2304 4374 2417 4444 In„-

454 4519 593 4566 eum
637 4521 829 4590 quum
874 4480 1185 4594 incidiffet
1233 4497 1535 4569 Chremes
1530 4541 1568 4589 ‚
1598 4490 1667 4569 δ’
1705 4521 1736 4568 e
1778 4495 2123 4671 1,pr
2165 4520 2407 4576 natum

1967 4619 2012 4693 3
