2809 5234
243 544 245 550 ¹
649 557 655 577 ι

290 622 294 638 ι
1148 605 1153 615 .

484 836 813 920 HECYRAE
1069 869 1149 945 3η

174 1006 394 1086 Cadaverosa
413 1026 423 1060 ¹
448 1004 550 1082 facie.
570 1015 642 1080 Par.
667 1006 702 1078 di
719 1006 818 1079 illurn
837 1005 1023 1104 perduint!
1104 1049 1108 1057 ¹
1133 1042 1140 1051 ·
1192 1078 1194 1085 ,

117 1176 122 1200 ·
175 1143 274 1238 Quid
283 1141 339 1233 ‚sr
364 1164 436 1212 non
461 1137 610 1214 veniet?
647 1158 850 1208 maneamne
880 1132 1055 1234 usquead
1080 1161 1145 1213 ve·

138 1267 140 1270 ’
372 1267 536 1365 sperum?
828 1348 831 1364 1

177 1402 267 1469 Pam.
285 1397 428 1466 Maneto
448 1419 457 1464 :
482 1414 592 1464 curre.
610 1391 693 1461 Par.
710 1412 783 1461 non
804 1410 897 1487 queo
910 1408 919 1456 ι
932 1383 981 1459 ita
997 1382 1145 1461 defessus

365 1514 450 1588 sum.
1183 1598 1188 1606 Ι

175 1632 1146 1736 Pam.llleabiit.quidagaminfelix²?prorsusnescio3o

178 1767 266 1857 Quo
283 1762 383 1860 passo
398 1761 468 1834 hoc
482 1759 606 1851 celem,
621 1759 719 1858 quod
740 1783 794 1830 me
816 1757 932 1830 oravit
950 1756 1145 1855 Myrrhina,

176 1887 265 1958 Suae
281 1901 402 1982 gnatae
420 1899 583 1978 partum:
604 1907 683 1954 nam
699 1906 756 1954 me
777 1877 915 1952 miseret
935 1878 1099 1952 mulieris.

177 2003 288 2095 Quod
306 2018 448 2098 potero,
469 1997 606 2092 fachm,
627 2016 744 2071 tamen
766 2017 805 2071 ut
826 1999 991 2095 pietatem
1014 1997 1144 2071 colam:

174 2126 266 2198 Nam
289 2149 345 2197 me
366 2122 504 2222 parenti
523 2122 666 2253 potius,
687 2144 792 2219 quarn
814 2120 927 2191 amori
945 2135 978 2209 ⁸,
999 2117 1146 2217 obsequi

174 2251 341 2344 Oportet.
352 2265 476 2338 at‚at,
495 2271 615 2320 eccum
630 2244 857 2342 Phidippum,
873 2262 908 2315 et
924 2260 1057 2339 patrem
1099 2262 1141 2340 35

176 2370 313 2441 Video:
330 2367 474 2441 horsum
485 2387 646 2466 pergunt.
662 2368 747 2466 quid
762 2368 874 2441 dicam
883 2365 987 2459 hisce,
994 2368 1146 2441 incertus

365 2491 450 2567 sum.

175 2760 218 2824 H.
233 2759 295 2833 XI,
309 2782 357 2836 47.
365 2759 449 2823 Putat
457 2761 530 2823 adeo
539 2760 621 2822 Don.
696 2757 810 2840 firmior
823 2761 950 2820 cadavere
961 2759 1050 2842 rogali.
1065 2760 1148 2825 Hine

174 2869 347 2930 Terentium
356 2868 491 2929 scientem
502 2867 620 2929 facetius
703 2886 770 2927 ante
783 2866 926 2927 Faernum
939 2865 1086 2948 legebatur
1100 2892 1147 2930 ca·

174 2969 274 3032 dixisse
281 2962 398 3053 crispum.
405 2972 490 3033 Certe
498 2971 618 3054 Pamph.

176 3078 434 3159 veramimaginem
442 3077 557 3136 reddere
567 3098 620 3136 no·

175 3180 240 3243 luit.
267 3182 346 3242 Tum
373 3180 485 3241 calvum
505 3176 631 3257 namra(

175 3295 204 3347 &
214 3285 337 3367 crispum
346 3285 358 3367 (
367 3309 426 3347 non
437 3286 499 3350 raso
514 3292 620 3373 capite)

174 3391 240 3466 esse,
249 3417 465 3482 nonrepugnar.
473 3398 545 3460 Mox
553 3401 620 3480 caefi

178 3502 217 3564 cf.
231 3503 336 3566 Heaut.
355 3504 401 3579 V,
419 3510 454 3579 8,
469 3525 501 3576 17
514 3504 557 3589 sq.
573 3506 622 3565 ubi

174 3609 258 3689 virgo
274 3611 376 3668 dicitur
389 3607 449 3687 rufir
462 3654 471 3680 ‚
483 3613 576 3687 caesia.

219 3728 231 3766 r
249 3710 283 3765 In
296 3707 348 3766 hac
358 3727 427 3765 voce
440 3708 542 3766 incerti
550 3707 619 3768 hae·

175 3831 238 3871 renr
252 3833 269 3871 a
281 3813 361 3872 Don.
378 3812 617 3894 omnesinterpp.

176 3917 277 3978 Nora
299 3939 366 3977 vero
387 3918 482 3976 minus
507 3916 619 3977 aberra-

175 4043 256 4097 mus,
272 4022 291 4081 si
310 4020 408 4082 locum
432 4020 621 4083 Lindenbro-

179 4116 230 4211 gio
243 4131 395 4190 excitatum
413 4151 447 4188 er
461 4129 563 4191 Sidon.
573 4133 622 4193 A·

177 4237 283 4318 pollio,
301 4239 395 4314 XIII,
407 4261 454 4322 ep.
475 4261 488 4319 3
511 4241 618 4302 adscri-

178 4340 288 4403 bimus:
301 4346 435 4406 Sordidior
447 4347 481 4427 ess
494 4349 622 4429 mqroede·

700 2973 822 3052 daverofir
837 2969 951 3049 [πίας
971 2991 1146 3054 tamquama

700 3074 880 3137 Parmenone
900 3075 1018 3134 dietum.

746 3205 762 3242 ι
784 3181 888 3242 Certus
904 3181 998 3253 enim,
1017 3200 1076 3239 non
1099 3191 1145 3240 ιε’-

703 3291 806 3351 ducere
830 3309 970 3359 uxorem,
987 3293 1015 3345 &
1035 3285 1147 3347 causam

701 3417 797 3462 tamen
813 3397 923 3470 celare,
938 3397 1060 3455 incertus
1070 3413 1145 3468 erar,

705 3504 856 3590 quomodo
873 3505 904 3564 id
921 3502 1038 3573 faceret,
1058 3519 1088 3560 ut
1109 3522 1147 3561 ne
1248 3521 1252 3530 ¹

700 3631 792 3671 mater
800 3655 809 3684 ,
817 3611 874 3670 iam
884 3609 1028 3668 immerito
1039 3605 1147 3688 suspec-

700 3730 746 3783 ta,
763 3711 838 3772 haud
852 3708 926 3771 ultra
938 3712 968 3769 in
981 3710 1088 3770 crimen
1098 3729 1146 3769 ve·
1181 3738 1185 3743 ·

699 3816 784 3875 niret.
1163 3811 1165 3815 ⁷

746 3940 759 3998 3
792 3921 846 3980 int.
881 3925 1002 3996 uxoris,
1036 3923 1146 4003 quippe

703 4029 944 4110 quem‚nondum
956 4023 1145 4089 animoamis·
1178 4062 1181 4067 Δ

705 4132 782 4206 sum,
795 4135 907 4197 mittere
926 4133 1081 4194 laborabat.
1098 4129 1146 4202 (Ξῖ.

701 4241 821 4305 Phorm.
834 4244 880 4317 11,
899 4263 931 4316 1,
948 4263 996 4322 ²3·

863 4426 898 4504 V
940 4449 959 4520 r
