2809 5234
254 845 325 937 246
473 844 551 920 1Ρ..
586 841 976 921 TERENT'II

251 1005 333 1080 Tibi
355 1020 365 1053 ¹
384 1006 520 1077 narret?
542 1010 581 1078 P.
602 1007 671 1080 eho
688 1022 728 1080 tu
743 1033 751 1080 ε
768 1007 893 1082 fanum
913 1008 961 1084 est
976 1008 1035 1086 abs
1049 1026 1085 1086 te
1101 1010 1232 1092 sedulo

251 1137 320 1209 Pro
340 1133 443 1204 fratre
462 1148 486 1203 ².
500 1134 545 1204 Ν.
561 1131 609 1203 mi
627 1132 700 1221 vir,
719 1154 791 1204 non
804 1131 888 1204 mihi
904 1129 1014 1207 dicis?
1035 1135 1075 1206 C.
1091 1152 1163 1211 at...
1175 1142 1231 1214 Ν.

220 1240 231 1249 .
442 1258 527 1357 quid
547 1275 582 1332 at
602 1258 644 1330 ⁵?
1048 1254 1052 1263 ’

254 1387 288 1452 c.
302 1381 384 1452 Non
398 1403 488 1476 opus
504 1377 552 1450 est
567 1376 671 1452 dido.
689 1381 731 1451 P.
746 1376 809 1450 tibi
821 1376 981 1477 quidem:
993 1399 1029 1456 at
1043 1380 1128 1456 scito
1138 1382 1228 1460 huic

448 1499 573 1599 opu’st.

251 1627 292 1697 In
311 1627 480 1715 Lemno...
499 1641 515 1686 4
535 1625 574 1695 C.
599 1617 699 1692 hemi
724 1621 807 1720 quid
830 1623 878 1697 ais
895 1626 911 1695 ‚⁹
931 1628 981 1698 D.
1009 1652 1082 1700 non
1099 1631 1229 1702 taces?

454 1745 496 1816 P.
518 1743 605 1815 clam
620 1761 693 1817 te...
713 1745 750 1815 C.
772 1741 829 1813 hei
845 1741 948 1815 mihi!
1152 1767 1156 1774 '
1180 1767 1227 1846 ις,

249 1870 292 1940 P.
308 1870 464 1939 Uxorem
478 1850 614 1940 duxit...
628 1872 674 1939 N.
690 1866 737 1938 mi
753 1867 883 1952 homo,
899 1865 933 1936 di
947 1865 1069 1940 melius
1082 1869 1195 1944 duint.

249 1988 297 2063 Ρ.
313 1991 366 2062 Sic
381 1989 507 2062 fadum
522 1990 581 2065 est.
598 1996 644 2062 N.
658 1990 745 2087 perii
760 1985 897 2059 misera!
914 1989 954 2056 P.
972 2007 1005 2058 et
1020 1989 1100 2060 inde
1113 1990 1221 2064 filiam

250 2111 405 2209 Suscepit
415 2113 482 2184 iam
496 2138 598 2184 unam
608 2139 615 2183 :
627 2113 708 2183 dum
721 2126 759 2180 tu
768 2105 909 2178 dormis.
924 2108 961 2176 C.
976 2108 1061 2203 quid
1074 2109 1224 2204 agimus?

249 2236 297 2306 N.
310 2236 376 2306 Pro
390 2237 425 2307 di
437 2234 669 2315 immortales,
684 2227 816 2299 facinus
826 2226 1004 2324 indignum
1015 2246 1048 2302 et
1064 2230 1216 2307 malum!

248 2353 295 2426 P.
311 2358 387 2427 Hoc
402 2355 513 2425 adium
529 2352 574 2422 ess
596 2370 620 2420 τ.
635 2352 680 2419 Ν.
702 2372 744 2418 an
762 2348 953 2447 quidquam
964 2352 1069 2428 hodie
1086 2354 1133 2427 est
1144 2354 1220 2429 fac-

445 2493 519 2545 tum
541 2471 740 2566 indignius?
1170 2504 1219 2551 20

163 2625 167 2633 ·
246 2590 322 2688 Qui
345 2593 420 2683 mi,
439 2594 499 2664 ubi
523 2594 566 2665 ad
585 2619 712 2668 uxores
730 2607 743 2643 ⁶
764 2613 911 2670 ventum
935 2597 1006 2691 est,
1026 2619 1101 2675 tum
1126 2601 1218 2676 fiunt

441 2714 536 2790 senes
554 2732 580 2790 ⁷.

288 2974 366 3035 1Ut
386 2973 437 3034 tibi
457 2975 538 3037 suave
560 2978 599 3039 fit.

240 3081 247 3113 ¹
284 3103 301 3141 2
325 3083 401 3142 Scite
419 3105 557 3164 patronus
580 3097 606 3146 &
622 3088 686 3146 irri-

243 3189 325 3251 detur
338 3237 346 3266 ,
359 3202 387 3253 &
403 3195 437 3252 ad
451 3192 590 3252 silentium
604 3194 682 3250 redi-

243 3299 342 3382 gitur,
366 3303 416 3385 qui
439 3300 551 3361 clientis
574 3299 609 3358 fic
624 3321 685 3357 teni

242 3411 412 3487 perdiderit.

286 3539 299 3594 3
317 3515 617 3597 Uxorinterloqnitur
630 3514 688 3572 iam

119 3630 123 3642 '
241 3623 278 3684 ad
291 3625 362 3683 iram
372 3644 547 3705 praeparata.

282 3732 381 3804 4Iam
403 3729 527 3814 seqnitur
551 3731 685 3804 narratio,

242 3860 315 3924 quae
332 3840 440 3900 crimen
456 3837 626 3919 pauciffimis
641 3840 684 3897 in-

240 3946 688 4030 vidiosecomplcstitur‚&alio·

242 4077 304 4117 mm
321 4057 460 4118 clamores
482 4058 521 4115 ita
544 4054 611 4114 scite
625 4077 680 4136 pro

242 4158 377 4249 cuiusque
391 4165 495 4227 aflestu
513 4165 680 4224 intericstos

241 4265 348 4342 habet,
369 4293 399 4331 ut
419 4269 499 4332 fimul
519 4290 684 4352 peroratum

240 4369 282 4432 fit·
301 4374 337 4435 In
358 4379 478 4442 Lemno..
490 4424 499 4442 .
512 4401 619 4442 uxorem
631 4382 682 4441 du-

772 2980 857 3044 xit...
881 2982 985 3043 &inde
997 2979 1084 3059 filiam
1100 2979 1213 3062 fitfcepit
1252 2944 1259 2954 Δ

768 3111 868 3148 unam:
882 3091 943 3147 dum
961 3105 989 3146 tu
1011 3087 1107 3146 dormis
1127 3081 1213 3164 (sola

766 3193 978 3273 iaces)...lioc
999 3200 1081 3254 nilum
1098 3198 1138 3277 est.

809 3322 822 3375 5
845 3302 936 3378 Quod
952 3302 1055 3362 referas
1067 3306 1101 3363 ad
1109 3307 1212 3366 verba:

768 3409 828 3465 dnm
849 3428 878 3467 tu
904 3410 1021 3479 dormis,·
1042 3418 1069 3466 δι
1085 3407 1120 3466 iic
1132 3409 1214 3470 simui

755 3563 756 3567 ,
770 3509 856 3571 finem
871 3514 1024 3592 perorandi
1045 3513 1120 3574 facit.

809 3629 825 3679 6
853 3619 994 3698 Quamvis
1013 3621 1105 3693 irata,
1127 3645 1212 3682 vere-

769 3731 858 3791 cunde
880 3750 976 3791 tamen
1002 3733 1136 3792 iniuriam
1161 3732 1211 3791 sibi

766 3838 819 3900 hac
832 3842 862 3898 in
877 3858 905 3900 re
920 3839 1039 3916 fidiam,
1053 3840 1118 3902 facit
1132 3863 1211 3902 coni-

769 3969 894 4010 munem.
980 3970 985 3986 “

804 4080 822 4128 7
857 4059 892 4119 Se
914 4063 997 4121 uxori
1020 4058 1151 4121 excusant
1179 4068 1207 4119 dc

764 4162 844 4223 senes
854 4165 950 4227 dicunt
960 4188 969 4244 3
979 4165 1014 4227 cf.
1027 4165 1117 4226 Plaut.
1128 4161 1207 4223 Asin.

766 4270 943 4355 IV‚2,3.
