2809 5234
1817 638 1824 645 ⁶

2159 753 2170 765 0

1994 768 2009 783 l

241 856 246 863 ι

982 928 1054 1009 Ἀ
1096 933 1174 1008 D
1219 933 1279 1007 E
1326 931 1383 1006 1,
1433 930 1486 1003 Ρ
1536 931 1605 1006 Η
1649 930 1704 1007 1.
1878 973 1901 982 -
2008 952 2017 959 ·
2192 949 2294 1028 43

371 1096 491 1174 Me
521 1095 847 1173 miserum
878 1147 903 1187 ,
939 1096 1065 1170 vix
1115 1095 1265 1171 sum
1303 1118 1598 1192 compos
1645 1088 1900 1180 animi3
1942 1086 2039 1166 ixi·
2075 1091 2294 1167 ardeo

747 1221 1123 1292 iracundia.

369 1339 565 1418 Nihil
608 1337 745 1428 est,
797 1341 991 1438 quod
1030 1340 1263 1415 malim
1292 1391 1317 1431 ,
1368 1363 1574 1437 quam
1615 1337 1805 1411 illam
1844 1355 2070 1412 totam
2099 1336 2302 1414 fami-

761 1461 922 1536 liam
962 1462 1109 1534 dari
1157 1461 1250 1533 mi
1301 1460 1585 1533 obviam
1611 1513 1637 1547 ,
2422 1448 2426 1452 ’

377 1590 476 1663 Ut
509 1611 641 1685 ego
694 1585 867 1658 iram
917 1585 1104 1658 hano
1133 1585 1224 1657 in·
1257 1609 1379 1659 eos
1421 1606 1745 1656 evomam
1770 1604 2052 1654 omnem
2075 1633 2101 1670 ,
2134 1580 2303 1653 dum

747 1710 1111 1807 aegritudo
1143 1709 1312 1782 haec
1345 1707 1445 1780 est
1472 1726 1733 1780 recens·

372 1837 545 1911 Satis
572 1839 740 1911 'mihi
780 1839 851 1911 id
885 1837 1173 1911 habeam
1206 1834 1522 1933 supplicii
1550 1889 1575 1926 ‚
1615 1835 1781 1906 dum
1818 1831 1977 1931 ilios
2014 1829 2302 1906 ulciscar

277 1953 281 1958 ⁸
768 1961 986 2035 modo
1032 1979 1079 2034 ¹.
1659 1976 1683 1986 ·
1870 1971 1879 1981 “
2220 1975 2300 2048 ις

375 2082 533 2156 Seni
568 2083 865 2157 animam
898 2081 1201 2178 primum
1232 2078 1734 2178 exstinguerem
1772 2077 1894 2177 ipsu
1922 2133 1954 2171 ,
1979 2081 2104 2177 qui
2128 2080 2306 2154 illud

747 2188 1083 2304 produxit
1139 2205 1398 2280 scelus:

372 2329 560 2404 Tum
610 2347 845 2403 autem
890 2333 1145 2433 Syrpm
1193 2326 1643 2427 impulsorem
1669 2382 1692 2416 ‚
1728 2328 1866 2401 vah
1896 2381 1921 2418 ,
1950 2327 2203 2427 quibus
2227 2325 2307 2445 i}-

575 2530 589 2537 ⁴
762 2450 909 2523 lum
958 2453 1328 2525 lacerarem
1388 2448 1657 2522 modis!

311 2568 748 2669 '‘Sublimem
795 2569 1099 2641 medium
1140 2572 1558 2673 arriperem,
1608 2591 1678 2644 et
1725 2570 1949 2669 capite
2005 2596 2311 2670 pronum
2348 2668 2355 2676 ι

764 2689 837 2761 in
886 2710 1134 2762 terram
1178 2692 1542 2794 statuerem
1580 2713 1605 2744 ²
1632 2749 1657 2786 ,

376 2815 478 2887 Ut
511 2813 799 2886 cerebro
841 2813 1184 2912 dispergat
1225 2818 1409 2891 viam
1444 2843 1462 2888 :

369 2935 814 3010 Adolescenti
845 2936 965 3033 ipfi
998 2932 1336 3036 eriperem
1384 2941 1635 3014 oculos
1670 2967 1692 3028 ;
1728 2940 1882 3038 post
1914 2941 2082 3014 haec
2112 2967 2312 3039 prae-

765 3060 1047 3155 cipitem
1089 3062 1325 3134 darem
1362 3088 1379 3134 ε
1414 3054 1420 3060 ’
2216 3086 2311 3132 20

368 3175 665 3249 Ceteros
718 3200 992 3252 ruerem
1022 3230 1046 3266 ,
1110 3203 1387 3275 agerem
1417 3233 1440 3269 ,
1490 3204 1848 3279 raperem,
1900 3179 2310 3267 tunderem,

771 3310 843 3363 et
883 3290 1385 3389 prosternerem
1422 3318 1470 3372 Ξ.

458 3484 481 3524 1
508 3462 714 3525 Sensus
728 3464 809 3524 est
829 3488 845 3524 ε
862 3447 1011 3527 Satis
1031 3467 1254 3529 habebo'

371 3568 709 3652 suppliciis.
747 3569 875 3632 satis
909 3595 1135 3654 poenae
1169 3575 1259 3637 illi

370 3677 513 3736 mihi
538 3678 798 3737 dederint
816 3724 831 3751 ,
862 3679 899 3737 fi
928 3679 1067 3740 illos
1092 3681 1260 3741 ulcif-

370 3802 465 3840 cat
508 3785 705 3841 modo.
748 3786 834 3843 Ita
882 3808 1018 3845 vero
1060 3793 1257 3849 dum--

374 3888 523 3948 modo
570 3887 961 3948 conditionale
1002 3894 1081 3949 est
1100 3938 1117 3963 ,
1172 3899 1255 3954 uti

375 3989 585 4050 Heaut.
624 3989 749 4063 111,
780 4009 803 4049 1
826 4035 841 4062 ‚
872 4011 965 4065 57.
994 3987 1263 4059 Dacieria

372 4092 632 4175 exposuit
671 4141 688 4170 ,

372 4198 641 4279 Quodvis
680 4201 1026 4285 supplicium
1054 4201 1257 4264 lubens

372 4305 577 4386 patiar,
595 4305 729 4366 dum
747 4315 855 4369 διε.
875 4308 986 4368 Sed
1011 4307 1072 4369 id
1095 4329 1261 4392 tepu-

375 4432 514 4497 gnat
561 4413 683 4478 usui
717 4415 997 4482 formulae
1032 4416 1265 4498 latinae,

760 4095 914 4180 quast
975 4093 1194 4159 dixiffet
1236 4110 1302 4159 t·

1423 3493 1595 3557 quem
1613 3473 1787 3534 discat
1812 3493 1880 3531 ex
1903 3469 2137 3530 Phorm.
2151 3468 2234 3543 V,
2254 3475 2313 3545 8,

1427 3601 1524 3654 40.
1543 3577 1722 3638 Plaut.
1746 3575 1997 3638 Mostell.
2019 3576 2110 3652 V,
2127 3601 2157 3636 2
2181 3624 2197 3651 ,
2214 3600 2313 3657 43.

1513 3709 1544 3744 2
1582 3684 1852 3765 Exponas
1883 3710 1895 3742 ε
1934 3684 2314 3766 praecipitem

1426 3796 1506 3854 ita
1528 3794 1962 3853 vehementerin
1986 3815 2191 3856 terram
2210 3799 2292 3856 im
2307 3827 2323 3842 ·

1423 3903 1731 3973 mitterem,
1750 3902 1954 3976 (veluti
1974 3907 2206 3965 statuam
2223 3905 2317 3965 ali-

1427 4005 1621 4085 quam)
1642 4024 1701 4063 ut
1718 4013 1823 4066 &c-
1846 4006 2194 4067 pronunciat
2214 4029 2318 4066 au·

1425 4120 1539 4161 tem
1563 4123 1690 4162 cum
1707 4109 1864 4188 gestu
1881 4110 2319 4184 vehementiori,

1421 4206 1494 4266 ad
1532 4206 1679 4287 ipsas
1710 4213 1893 4272 minas
1934 4231 2074 4292 apto
2103 4228 2141 4285 ,··
2163 4213 2314 4276 unde

1425 4330 1578 4372 totus
1632 4313 1868 4376 anhelus
1894 4317 2120 4397 evadit.
2238 4356 2242 4362 -

1519 4443 1546 4503 3
1578 4420 1775 4486 Litera
1805 4423 1853 4486 R
1898 4427 1963 4486 de
1980 4447 2106 4490 aare
2126 4426 2316 4490 emina
