2809 5234
368 730 440 807 208
561 724 1100 803 ·P.TERENT11

367 894 407 968 td
426 912 436 945 ¹
458 886 616 966 sumam:
643 891 776 983 uxori,
796 890 863 962 tibi
886 914 977 987 opus
1004 888 1101 980 effe,
1130 886 1275 965 dixero
1292 909 1315 969 ⁸.

480 1133 1064 1205 ACTv81V.SCENA
1121 1134 1245 1211 11²2,

563 1252 910 1433 ΑΝΤῙΡΗΟῘ
956 1343 1138 1419 GETA.

366 1451 595 1628 A.GEta!
615 1546 659 1613 G.
674 1540 775 1611 hem!
793 1545 839 1610 A.
851 1537 936 1636 quid
956 1537 1051 1638 egisti
1069 1543 1115 1612 ⁴?
1131 1547 1180 1616 G.
1205 1570 1315 1620 emur

560 1683 706 1762 argento
727 1661 822 1735 senes
841 1682 866 1735 ς.

366 1796 414 1861 A.
449 1787 553 1859 Satin’
577 1789 614 1859 id
647 1785 695 1858 est
714 1787 762 1857 ⁶?
793 1788 837 1856 G.
865 1781 980 1859 nescio
1001 1785 1118 1859 hercle
1142 1811 1153 1858 ε
1178 1809 1315 1867 tantun

371 1902 373 1907 ’
566 1907 671 1981 inffus
688 1907 777 1982 sum.

365 2035 412 2105 A.
436 2033 514 2105 Eho
530 2031 681 2104 verbero
698 2088 710 2120 ‚
725 2030 820 2104 aliud
836 2028 920 2102 mihi
940 2026 1154 2126 respondes,
1171 2062 1217 2110 ac
1237 2065 1315 2139 rog<

371 2165 416 2234 G.
447 2160 544 2254 Quid
570 2183 654 2256 ergo
688 2164 836 2232 narras?
863 2164 911 2229 A.
944 2159 1031 2256 qnid
1060 2184 1129 2257 ego
1155 2189 1312 2241 narrent

562 2308 670 2381 opera
703 2301 765 2356 tua
797 2282 842 2353 ad

367 2402 499 2476 Restim
524 2401 610 2472 mihi
634 2400 776 2499 quidem
798 2424 852 2491 re}
872 2401 974 2473 rediit
1001 2400 1209 2498 planissume
1231 2413 1264 2484 ⁸:

366 2528 417 2597 Ut
437 2545 473 2598 te
499 2525 642 2622 quidem
662 2547 784 2595 omnes
803 2510 866 2614 di,
881 2523 987 2612 deae,
1002 2521 1138 2618 superi,
1156 2523 1289 2618 inferi,

411 2761 478 2820 ild
488 2761 675 2845 (argentum)
683 2763 809 2843 simam,
929 2785 952 2834 4
982 2761 1053 2819 Non
1076 2780 1133 2819 tam
1156 2763 1315 2850 interroga

365 2870 544 2952 impendant.
577 2870 626 2929 Sic
651 2870 733 2928 Don.
753 2868 810 2927 Sed
893 2890 980 2953 quant
992 2869 1124 2927 iracunde
1141 2874 1281 2955 corripit.

364 2976 807 3051 Bemb.habetinde,l.exfruc·
934 2998 947 3056 5
973 2977 1072 3038 locos:
1097 2978 1288 3060 respondet,
1311 3006 1315 3042 ι

365 3106 395 3147 tu
414 3087 547 3169 praedii,
562 3088 665 3167 stimant
691 3082 751 3143 scil.
774 3105 811 3161 30
892 3106 1029 3147 nontam
1045 3085 1118 3146 male
1137 3089 1235 3147 astum
1257 3111 1315 3173 pun

365 3193 467 3252 minas.
888 3191 961 3252 Ant.
973 3212 1058 3278 quam
1074 3193 1277 3277 videaturipfi.

405 3318 420 3352 ι
444 3292 583 3355 Futurum
609 3294 755 3366 existunt,
775 3314 806 3354 ut
932 3309 950 3358 6
970 3300 1022 3359 lnt.
1039 3320 1067 3359 te
1083 3321 1234 3383 argentum
1247 3307 1315 3366 inve

363 3400 547 3483 intelligatur,
563 3421 634 3472 non,
652 3398 703 3458 nifi
718 3402 799 3481 ptius
882 3397 961 3464 niffe.
979 3405 1036 3464 Sed
1050 3404 1127 3467 Geta
1142 3410 1242 3470 iocose
1255 3416 1315 3472 acci

362 3507 493 3565 annuerit
517 3528 604 3580 uxot,
626 3505 705 3565 fratri
723 3525 804 3564 com·
885 3511 940 3591 pit,
952 3530 985 3570 ac
998 3511 1017 3570 st
1029 3509 1170 3596 rogasset,
1185 3513 1289 3578 satisne
1304 3523 1315 3578 i

362 3611 479 3669 modate
498 3615 611 3677 audete.
637 3614 727 3673 Senes
747 3636 805 3677 una
885 3621 997 3702 argenti
1011 3619 1040 3680 fit
1052 3621 1088 3681 ad
1102 3643 1162 3682 tem
1174 3621 1315 3686 Phaedria

362 3715 464 3776 abeunt
483 3719 518 3777 ad
536 3740 686 3802 argentum
699 3741 805 3804 peten·
889 3725 1102 3789 absolvendam.

363 3825 441 3884 dum.
927 3832 1029 3905 7Scil.
1055 3856 1091 3914 30
1116 3835 1220 3899 minas.

405 3952 419 4010 3
441 3928 541 3989 Prodit
558 3949 592 3988 et
611 3931 719 4014 angulo
732 3935 805 3998 Ant.
929 3943 945 3996 8
967 3937 1107 4002 Fotmula
1129 3940 1309 4024 desperantis

360 4034 465 4116 plenus
484 4037 607 4111 irarum
623 4060 692 4120 quas
715 4062 806 4102 muta·
885 4046 932 4103 cui
948 4035 1004 4105 iant
1023 4045 1097 4106 nihil
1115 4048 1250 4111 relistum
1275 4052 1306 4113 fit

360 4140 402 4197 bit
421 4141 509 4212 Geta,
533 4141 607 4227 quafi
626 4142 749 4219 ludens,
769 4147 802 4207 in
882 4169 969 4232 quam
993 4171 1024 4211 ut
1051 4150 1079 4213 se
1101 4152 1264 4236 suspendat.
1293 4177 1315 4223 ct

360 4244 440 4326 spem
459 4247 589 4324 meliotis
608 4253 710 4314 exitus.
882 4256 977 4318 Andr.
1001 4259 1031 4335 1,
1051 4281 1087 4338 5,
1107 4282 1152 4340 21,
