2809 5234
102 590 148 631 q.
173 598 177 605 .

242 864 998 959 neturort‘rtltouuttsrros
1073 904 1138 951 221

185 1035 357 1130 Quantum
381 1063 424 1108 ex
446 1036 515 1134 ipsa
532 1061 569 1109 re
591 1037 813 1109 conieGuram
833 1054 843 1087 ¹
867 1037 1018 1111 fecimus.
1103 1064 1143 1133 25

187 1164 270 1233 clia.
296 1161 390 1253 Quid
403 1160 450 1233 est
463 1160 603 1235 obsecro
618 1160 632 1232 l
646 1184 721 1231 nam
735 1161 818 1236 mihi
838 1189 925 1238 nnnc
938 1162 1019 1235 nihil
1031 1187 1143 1235 rerunt

145 1360 150 1375 ,
358 1286 510 1358 omnium
535 1283 609 1371 eil,

186 1408 291 1502 Quod
315 1411 448 1498 malim,
468 1434 568 1507 quam
591 1429 644 1480 me
664 1406 731 1479 hoc
748 1404 828 1479 salso
849 1407 1049 1507 suspicarier.

185 1537 220 1603 S.
240 1533 318 1627 Hoc
340 1534 508 1629 primum,
523 1552 560 1606 ut
580 1554 622 1603 ne
642 1531 725 1629 quid
748 1531 844 1604 huius
868 1558 979 1608 rerum
997 1537 1149 1633 ignores:

357 1680 438 1727 anus
454 1669 493 1745 ²,

189 1780 285 1871 Quae
306 1778 352 1850 ell
367 1780 455 1853 disin
474 1796 580 1855 mater
600 1780 665 1855 effe
681 1779 714 1856 ei
729 1779 865 1855 antehae
879 1833 891 1870 ‚
904 1803 974 1852 non
993 1781 1077 1856 fitis:

188 1904 234 1972 Ea
254 1903 337 1973 obiit
362 1922 527 1978 mortem:
551 1905 619 1979 hoc
645 1903 714 2001 ipsa
734 1905 769 1977 in
790 1905 908 1978 itinere
930 1906 1075 1979 alternes
1107 1929 1151 1988 ao

189 2025 283 2097 Dum
297 2051 423 2117 narrat,
437 2027 528 2103 forte
541 2030 667 2104 audivi.
684 2032 758 2101 cria.
771 2052 933 2127 quaenam
947 2028 994 2102 est
1005 2031 1126 2103 alterai

106 2222 112 2239 ⁸
189 2154 226 2220 S.
255 2153 377 2237 Mane;
407 2152 506 2245 hoc,
532 2155 628 2253 quod
657 2152 780 2250 coepi,
804 2153 950 2251 primum
976 2178 1152 2245 enarrem,

361 2275 533 2373 Clitipho:
1212 2350 1215 2359 .

190 2400 267 2473 Post
289 2399 372 2472 istuc
397 2399 540 2473 vetiiam.
573 2401 644 2470 clia.
666 2418 822 2493 propera.
853 2403 893 2469 S.
916 2394 982 2470 iatn
1008 2399 1152 2496 primunr
1258 2429 1263 2440 ⁸

365 2546 544 2612 nmmum,

191 2644 260 2719 Ubi
280 2663 418 2720 ventum
440 2645 481 2715 ad
500 2645 598 2718 aedes
619 2642 686 2730 est,
707 2645 844 2717 Dromo
864 2647 968 2742 pultat
990 2649 1104 2722 fores:

119 2816 122 2823 ι
192 2776 284 2843 Anus
307 2767 468 2867 quaedam
485 2766 616 2865 prodit:
635 2769 716 2844 haec
730 2771 787 2842 ubi
807 2772 935 2867 aperuit
949 2755 1093 2861 ollium,
1109 2797 1152 2876 35

193 2893 365 2968 Continuo
379 2891 433 2969 hic
450 2889 483 2966 se
504 2891 649 2968 coniecit
667 2894 778 2969 intro:
803 2919 867 2994 ego
886 2896 1093 2994 consequor:

235 3141 351 3223 tVulg.
366 3141 488 3222 cepimus.
505 3139 641 3201 Nostrum
746 3160 760 3221 3
787 3140 896 3199 Alterne
917 3139 1025 3219 antique
1045 3161 1096 3220 pro
1114 3141 1157 3199 al·

192 3257 256 3297 curn
275 3234 374 3295 Bemb.
392 3235 479 3295 voluit
495 3234 592 3296 Faern.
608 3257 641 3297 ac
702 3237 760 3299 reri.
776 3234 822 3295 Sic
839 3255 909 3296 vero
922 3236 1011 3292 minus
1027 3234 1157 3313 ambigue

191 3351 245 3393 rec.
258 3329 346 3391 Bentl.
705 3329 849 3389 mulierem
875 3328 1003 3388 comitem
1026 3328 1158 3399 innuens,

233 3446 250 3487 2
276 3425 351 3486 Bene
371 3423 435 3507 Syr.
451 3425 643 3507 probationem
704 3422 846 3507 &Cliniae
856 3421 1008 3503 scrupulum
1020 3419 1110 3483 evellit
1123 3421 1159 3481 de

192 3520 307 3602 primam
324 3536 435 3597 coeptat
452 3517 487 3576 ab
506 3540 559 3577 anu
578 3518 639 3588 illa,
702 3518 833 3575 comitatu
857 3515 904 3574 illo
930 3512 1106 3584 ancillarum,
1125 3512 1157 3570 δι

191 3632 261 3692 quae
271 3612 341 3672 dieta
352 3615 466 3672 antehac
477 3630 564 3671 mater
579 3613 644 3672 An·
706 3609 755 3670 stbi
776 3612 851 3668 viam
871 3605 946 3689 quast
964 3603 1102 3687 praestruit
1122 3608 1159 3665 acl
1282 3662 1287 3671 ,

190 3705 300 3784 tiphilae
311 3705 466 3762 credibilem
481 3703 581 3762 fecerat
602 3703 646 3762 su·
705 3702 818 3760 alteram
835 3702 996 3759 narrationis
1015 3698 1075 3756 suae
1093 3718 1157 3776 pat·

192 3798 350 3874 tpicionem.
368 3794 501 3871 Scrupulo
522 3796 646 3852 maximo
707 3811 772 3852 tem.
789 3792 897 3854 Curiost
919 3792 1083 3873 Clitiphonis
1097 3791 1159 3848 ani·

194 3902 323 3954 exemto,
343 3903 449 3943 ceteros
473 3883 541 3940 tollit
565 3882 643 3941 enar!
705 3905 783 3942 mum
809 3884 961 3964 suspendit,
989 3886 1077 3942 donec
1098 3880 1160 3942 Cli-

194 3972 285 4033 randis
295 3993 361 4032 vere
374 3974 405 4032 &
422 3968 543 4030 distinete
559 3992 646 4049 eoque
708 3975 780 4044 niae,
798 3973 832 4033 dc
848 3974 893 4032 sna
910 3978 997 4059 potins
1021 3993 1105 4051 quarn
1124 3973 1159 4028 de

194 4065 327 4149 pulchre,
353 4086 423 4147 quae
448 4062 556 4126 viderat
578 4063 610 4122 ὃ(
630 4084 646 4123 e
707 4065 897 4140 incurioso,
921 4066 1088 4126 litisfecerit.
1121 4060 1157 4119 Et

194 4161 292 4243 quibus
304 4159 400 4220 eallius
417 4161 555 4243 ingenium
569 4158 601 4218 8(
610 4159 648 4216 vi·
708 4158 764 4217 eius
776 4181 853 4221 amor
866 4162 943 4222 omni
954 4182 989 4221 cx
1000 4173 1074 4240 parte
1083 4157 1159 4237 prior,

195 4279 252 4319 tam
261 4255 485 4341 laboriosamipse
493 4253 583 4318 statim
595 4253 650 4315 col·
710 4252 759 4316 est.

197 4352 305 4436 legerat.
566 4384 568 4389 v
