2809 5234
423 532 426 539 .
699 508 705 525 ⁹
1132 526 1141 541 ι
1176 502 1180 507 Ι

618 600 626 621 Ι

130 894 135 904 .
247 806 323 944 '58
534 842 1002 915 nnnnnnrii
1115 898 1124 905 .

275 988 362 1089 Mihi
374 1003 415 1078 ad
430 1003 516 1077 hanc
532 1030 603 1079 rem
617 1024 795 1102 expromta
809 1021 814 1050 ¹
829 1003 990 1078 memoria
1004 990 1106 1101 aique
1116 1001 1242 1079 astutia.

273 1120 324 1203 M.
337 1129 506 1224 Quidnam
521 1128 737 1227 incepturus?
753 1132 804 1202 D.
817 1127 930 1225 accipe
943 1153 961 1198 a
975 1153 1029 1200 nie
1042 1129 1132 1200 hunc
1145 1129 1242 1204 ocius

269 1258 381 1354 Atque
393 1276 469 1326 ante
487 1251 633 1325 nostram
648 1244 935 1352 ianuam³apponc
958 1254 1009 1324 M.
1029 1249 1191 1346 obsecro,

269 1377 445 1451 Homine?
467 1378 519 1451 D.
536 1402 578 1449 ex
597 1392 681 1449 ara²
708 1377 816 1452 hinc³
839 1378 1001 1452 verbenas
1025 1375 1108 1467 tibi,
1218 1398 1235 1478 ς

140 1559 142 1562 -
269 1499 627 1603 Atqueeassubsterne.
640 1506 690 1575 M.
700 1501 921 1600 quamobrem
931 1501 967 1573 id
977 1522 1047 1575 nne
1059 1523 1129 1574 non
1139 1500 1240 1577 sacis?

257 1629 320 1702 ·D.
342 1623 495 1721 Quia‚s1
512 1624 602 1699 forte
622 1651 711 1725 opus
734 1625 772 1700 fit
785 1626 829 1700 ad
845 1625 994 1700 herumn
1010 1616 1237 1702 iusiurandinn

463 1750 546 1823 mihi

266 1878 350 1950 Non
369 1873 578 1974 apposuisse,
592 1891 628 1947 ut
642 1873 774 1973 liquido
787 1864 920 1971 poffim'.
940 1877 991 1947 M.
1009 1871 1175 1972 intellego.

265 2011 277 2064 5
299 2000 400 2078 Nova
417 2024 506 2073 nunc
520 1996 640 2101 religio
658 1997 693 2069 in
707 2017 741 2070 te
755 1997 874 2071 isthaec
887 1996 1038 2088 incessit,
1054 2001 1166 2073 cedo?

251 2126 319 2198 .D.
329 2126 436 2198 Move
446 2122 542 2197 ocius
555 2123 755 2221 te,ut,quid
766 2148 873 2221 agam,
887 2148 992 2222 pono
1002 2124 1176 2224 intellegas.
1193 2146 1236 2197 io

178 2257 185 2272 '
263 2249 334 2327 Pro
345 2246 511 2347 luppiter!
535 2251 587 2320 M.
602 2246 704 2345 quid?
719 2250 770 2318 D.
790 2246 927 2344 sponsae
940 2248 1238 2347 paterintctvenin

264 2370 423 2470 Repudio
446 2365 646 2460 confilium,
669 2372 764 2472 quod
787 2361 931 2469 prinnini
955 2373 1173 2447 intenderam.
1281 2384 1293 2415 ’

261 2499 313 2603 Μ.
338 2487 461 2569 Nescio
491 2495 572 2593 qnid
599 2521 719 2571 narres.
755 2500 808 2573 D.
832 2522 898 2598 ego
923 2522 1060 2599 quoque
1085 2497 1164 2574 hinc
1190 2496 1233 2572 ab

271 2633 279 2651 ·
434 2622 567 2695 dextera
1003 2680 1031 2751 ο

262 2741 390 2818 Venire
412 2768 465 2843 ipe
486 2742 690 2827 assimulabo.
717 2763 777 2838 tu,
800 2766 839 2823 ut
859 2747 1041 2826 subservias

260 2867 420 2941 Orationi
436 2867 472 2955 ⁶,
487 2885 655 2968 utcunque
675 2870 759 2967 opu‘
780 2872 819 2944 fit
838 2873 971 2960 verbis,
992 2872 1090 2947 vide.
1186 2894 1227 2967 ις

260 2996 312 3066 M.
339 2995 431 3092 Ego,
446 2993 528 3091 quid
541 3019 635 3092 agas,
648 2995 730 3071 nihil
745 2994 901 3092 intellego
915 3020 924 3064 ε
938 2992 1015 3082 sed,
1030 2992 1054 3064 si
1068 2991 1149 3092 quid
1161 2991 1230 3079 esi,

259 3118 367 3210 Quod
388 3142 462 3192 mea
480 3140 583 3215 opera
603 3141 690 3214 opus
709 3117 748 3189 sn
768 3117 888 3204 vobis,
907 3133 963 3190 aut
979 3135 1015 3192 tu
1030 3118 1103 3216 plus
1116 3118 1230 3211 vides,

129 3255 134 3265 '
258 3243 434 3334 Manebo,
453 3267 497 3315 ne
517 3241 613 3340 quod
631 3239 785 3313 vostrum
799 3224 949 3316 remorei
972 3242 1205 3318 commodum.
1289 3244 1293 3252 “

300 3471 575 3557 ιΑὶΜαΙὶιὶῳτο
584 3491 642 3553 quo
652 3469 714 3552 post
771 3469 879 3537 Donat.
896 3470 933 3533 cs.
949 3469 1036 3534 Plaut.
1051 3471 1117 3535 Cist.
1133 3473 1176 3547 n,
1192 3494 1228 3548 1,

254 3577 395 3662 pannum
409 3578 481 3641 Tan
493 3579 582 3642 Fabes
592 3596 714 3661 pugnas,
774 3578 821 3640 26.
830 3579 878 3640 nbi
892 3579 926 3641 al.
937 3581 1064 3656 iurando,
1079 3580 1113 3640 al.
1126 3581 1224 3639 iureiu-

259 3683 307 3748 scd
324 3683 429 3746 frustra.
774 3689 867 3755 tando.
1068 3772 1071 3778 Δ

259 3800 264 3821 ’
299 3790 711 3873 nQuaeerntinvessibuloex
819 3792 1228 3880 5MSS.'quidam&ed.nett.

257 3920 339 3963 more
356 3898 460 3964 Graec.
476 3901 507 3962 &
527 3896 610 3966 Rorin.
672 3918 674 3925 '
770 3906 840 3966 unde
857 3927 929 3965 nova
949 3905 1005 3968 &n

301 4028 321 4091 3¹
334 4010 381 4072 int.
398 4007 483 4072 sume.
498 4005 709 4076 festinantiussc.
820 4013 839 4076 6
869 4014 898 4074 h.
934 4034 960 4076 e.
991 4011 1111 4075 orationi
1145 4031 1226 4074 meae

197 4188 200 4196 Ι
257 4116 382 4199 loquitur.
740 4108 745 4117 “
769 4135 846 4180 tuam
857 4121 1054 4186 accommodes
1069 4115 1227 4204 responsio.

299 4245 323 4300 4
342 4223 472 4304 Quidam
495 4222 585 4291 MSS.
598 4222 629 4284 &
646 4224 710 4287 edd.
770 4246 844 4290 nem.

264 4346 333 4394 ven.
356 4331 512 4411 iurandum,
532 4317 565 4395 ἃ
585 4330 623 4395 sic
649 4331 714 4414 legit
