2809 5234
660 175 1311 543 -·

1269 546 1278 555 ι

284 584 289 593 ι

490 859 919 933 ruuucrrus.
1012 890 1015 895 <
1120 818 1186 962 {85

226 1017 471 1118 Recipiendum
484 1029 498 1093 ἓ
511 1022 553 1095 G.
573 1022 820 1120 cogita-modo,
842 1043 879 1095 tu
898 1021 1008 1096 hercle
1025 1046 1100 1097 cum
1115 1025 1188 1115 illa,

397 1145 578 1235 Phaedria,
1143 1174 1183 1247 ²5

225 1283 236 1318 ¹
258 1272 300 1344 Et
314 1269 458 1343 libenter
470 1271 575 1356 vivis,
587 1293 620 1345 et
635 1272 724 1345 enim
740 1274 823 1347 bene
836 1272 978 1348 libenter
990 1271 1139 1362 villitas,

225 1407 240 1442 ²
258 1396 363 1488 Quod
385 1395 443 1468 des
465 1396 634 1492 paululum
655 1395 721 1487 est,
737 1399 864 1473 necesse
884 1397 931 1472 est
944 1399 1084 1471 multum
1099 1394 1188 1471 acci·

397 1544 477 1615 pere
497 1515 684 1609 'sbaidem,

224 1655 238 1706 ³
257 1643 305 1711 Ur
320 1659 380 1713 tuo
394 1641 500 1713 amori
512 1638 717 1738 suppedit'are
729 1642 827 1738 pollit
839 1640 904 1712 fine
918 1641 1048 1736 sumptu
1060 1661 1120 1713 tuo
1135 1641 1177 1712 ad

225 1752 350 1836 Omnia
359 1765 460 1854 haec,
469 1765 571 1863 magis
583 1787 803 1862 opportunus,
819 1790 878 1836 nec
892 1766 993 1860 magis
1001 1791 1044 1836 ex
1057 1764 1116 1836 usu
1127 1784 1189 1837 tuo

226 1888 339 1960 Nemo
353 1873 416 1960 ell:
436 1887 602 1985 principio
615 1906 649 1962 et
660 1887 758 1960 habet
769 1889 864 1986 quod
876 1889 952 1974 det,
968 1907 1000 1961 et
1015 1888 1069 1961 dat
1087 1913 1187 1977 nemo

394 2012 533 2111 largius:
966 2077 978 2093 .
1139 2037 1184 2109 30

225 2139 343 2211 Fatuus
356 2135 424 2229 est,
435 2137 593 2227 insulsus,
604 2136 737 2226 tardus,
751 2134 856 2210 stertit
869 2133 1047 2233 noelesque
1058 2157 1092 2208 er
1102 2134 1186 2208 dies:

225 2262 344 2368 Neque
361 2259 459 2340 istum
481 2281 668 2341 metuisne
691 2283 780 2335 amer
800 2261 937 2335 mulier:
959 2258 1054 2334 facile
1068 2259 1186 2357 pellas,
1266 2252 1270 2259 ’

364 2395 368 2401 “
393 2385 451 2458 ubi
474 2386 566 2461 velis.

224 2510 285 2580 Plr.
307 2506 401 2601 Quid
418 2508 542 2607 agimus
558 2509 599 2583 ⁴?
621 2515 663 2586 G.
677 2533 847 2609 praeterea
866 2509 933 2584 boc
951 2507 1070 2600 etiam,
1092 2506 1185 2606 quod

396 2656 461 2730 ego
476 2633 530 2707 vel
553 2634 696 2730 primum
720 2658 824 2734 putor

224 2753 357 2852 Accipit
367 2755 475 2828 bomo
484 2780 586 2828 nemo
597 2758 717 2833 melius
727 2759 1004 2859 prorsum,neque
1014 2756 1184 2856 prolixius,

222 2881 284 2952 Ph.
298 2879 444 2967 Mirum,
463 2878 589 2964 niilloc
607 2882 744 2958 homine
758 2909 898 2986 quoquo
913 2883 1010 2982 pallo
1026 2908 1111 2980 opus
1128 2881 1184 2958 est.

392 3009 427 3078 C.
453 3005 543 3080 idem
566 3006 711 3082 arbitror
728 3021 755 3084 5.
1135 3028 1177 3103 35

267 3152 279 3191 r
295 3132 383 3196 bentl.
395 3157 430 3196 er
439 3157 496 3197 uno
508 3136 583 3200 (od.
596 3159 669 3198 con·
729 3139 784 3200 Gn.
799 3138 860 3197 dein
872 3136 906 3198 de
922 3136 1019 3197 Thrns.
1030 3135 1126 3216 accipit
1136 3156 1182 3192 ne-

220 3240 263 3284 rra
282 3243 386 3287 ceteros
407 3248 506 3289 omnes
522 3227 671 3289 rescribens
730 3251 771 3288 mo
792 3229 900 3302 melius,
920 3251 1000 3308 ncyue
1015 3226 1159 3308 prolixius.

220 3321 395 3405 ue,d2in(ce
405 3322 665 3406 enim-virricum-
768 3345 784 3383 2
799 3325 839 3382 Er
855 3321 933 3402 quod
945 3322 1014 3381 rnale
1027 3321 1054 3379 h.
1068 3320 1087 3379 l.
1104 3340 1180 3381 rece·

204 3419 386 3495 Jercludens,
398 3420 550 3484 sermonem
560 3419 667 3483 interfi-
725 3423 766 3504 pir
781 3420 875 3484 Heius.
895 3417 969 3480 abest
990 3441 1007 3478 a
1027 3418 1093 3478 libb.
1109 3420 1178 3476 anti-

216 3514 255 3575 clt
266 3512 350 3590 sensu,
362 3513 455 3599 &ipse
461 3515 541 3577 Harii
547 3516 623 3577 libita
632 3515 667 3575 ad
726 3517 786 3597 quir
795 3561 805 3590 ,
815 3517 845 3577 δι
856 3536 873 3573 a
883 3531 973 3574 metro
981 3510 1119 3595 respuitur.
1132 3510 1178 3576 Al.
1192 3562 1195 3567 .

217 3605 282 3671 lul.
304 3608 483 3690 reprehendit.
516 3608 668 3691 Sapientiur
726 3628 795 3668 mox
810 3607 932 3690 paulum.

219 3696 335 3782 disimgi
351 3699 410 3760 vult
425 3700 563 3763 Factae
580 3704 666 3774 enim,
784 3720 797 3780 3
827 3695 942 3760 Ornillis
969 3699 1046 3780 nugis
1070 3696 1089 3758 s.
1109 3697 1178 3757 ausis

219 3807 250 3850 ut
269 3790 429 3869 respondeat
449 3794 503 3854 hoc
521 3795 553 3855 &
575 3797 667 3875 priori.
726 3794 860 3864 Bentleii,
886 3792 1062 3854 subvenimus
1088 3795 1178 3875 potius

222 3880 365 3940 Enimhl.
377 3882 539 3967 sarre3quod
549 3904 605 3945 rem
615 3885 668 3947 ele·
726 3885 783 3968 sqq.
802 3889 887 3968 aprina
900 3888 1096 3948 intercidendo.

220 3991 316 4059 gauter
330 3992 418 4059 auget.
437 3975 496 4038 lam
513 3978 668 4041 versunufic
767 3981 857 4056 4lam
877 3982 1019 4063 impellitur
1029 3980 1177 4049 Phaedria,

219 4077 400 4156 exponimus:
418 4072 484 4136 Non
500 4074 589 4143 solum
605 4097 668 4137 curn
726 4078 793 4139 dum
810 4079 967 4139 sententiam
985 4073 1177 4157 quaeritaba-

214 4166 260 4228 illa
277 4167 394 4230 iucunde
410 4166 464 4231 esl'e
482 4166 547 4230 sea
561 4166 600 4229 uti
615 4190 669 4230 cu-
725 4187 775 4231 tre.
787 4171 873 4235 Bentl.
888 4168 984 4228 frustra
997 4167 1023 4225 id
1035 4165 1177 4224 Chaereae

215 4261 268 4343 pis,
280 4260 324 4320 sed
338 4262 369 4322 δι
387 4260 449 4325 sane
459 4264 533 4326 laute
548 4285 580 4324 ac
593 4263 667 4346 large
725 4264 824 4324 tribuit.

212 4351 354 4433 sprolixe
373 4377 488 4420 coenare
506 4377 590 4420 amas.
617 4354 663 4417 sic
768 4375 781 4438 ς
801 4355 949 4434 Profligara
964 4352 1018 4410 iam
1029 4347 1174 4408 dubitatio.

1173 4602 1311 4830 r
