2809 5234
1059 784 1066 791 ,
1252 798 1280 820 θ
2559 800 2575 818 ο

2594 878 2601 889 .

935 920 1678 1057 ·ANDR1A.
2256 998 2344 1077 η

442 1148 776 1221 Incertum
811 1143 946 1234 est,
978 1145 1145 1244 quid
1185 1168 1397 1242 agam.
1452 1143 1550 1216 Μ.
1578 1138 1815 1214 misera
1849 1137 2090 1267 timeo,
2130 1139 2353 1224 incer-

777 1288 922 1345 tum
957 1271 1091 1343 hoc
1128 1250 1446 1366 quorsum
1480 1263 1760 1342 aecidat.
2258 1289 2353 1362 30

444 1395 571 1469 Sed
614 1419 791 1470 nunc
835 1417 1127 1493 peropus
1166 1390 1300 1481 est,
1324 1410 1435 1466 aut
1474 1392 1654 1465 hune
1694 1415 1850 1464 cum
1888 1387 2065 1488 ipsa',
2101 1404 2212 1464 aut
2245 1413 2353 1464 me

783 1517 1030 1615 aliquid
1056 1516 1139 1590 de
1165 1514 1274 1588 ina
1306 1514 1661 1590 advorsum
1699 1515 1878 1590 hunc
1912 1514 2121 1613 loqui.

446 1643 634 1718 Dum
663 1641 735 1716 in
767 1640 977 1716 dubio
1000 1639 1094 1714 est
1116 1641 1373 1746 animus
1393 1692 1420 1731 ,
1446 1641 1646 1738 paulo
1672 1659 2024 1715 momento
2049 1640 2178 1713 huc
2204 1637 2357 1714 illuc

774 1764 1147 1864 impellitur.
2493 1830 2502 1841 .

447 1891 530 1961 P.
579 1888 750 1985 Quis
782 1889 896 1965 hic
940 1889 1289 1990 loquitur?
1342 1885 1610 1988 Mysu,:
1630 1885 1831 1963 salve.
1887 1892 1993 1961 M.
2039 1910 2088 1961 ο
2135 1886 2359 1978 salve,

773 2012 1135 2113 Pamphile.
1162 2016 1246 2086 P.
1270 2012 1438 2112 quid
1461 2011 1642 2111 agit?
1668 2014 1771 2085 M.
1797 2037 1990 2113 rogas
2027 2011 2108 2086 ³?

440 2138 724 2214 laborat
764 2164 807 2214 e
855 2141 1095 2213 dolore
1129 2151 1204 2208 2:
1249 2155 1448 2236 atque
1492 2161 1583 2248 ex·
1620 2136 1754 2214 hoc
1805 2135 2038 2212 misera
2082 2135 2361 2212 sollicita
2472 2132 2497 2175 ‘⁹

739 2262 868 2342 est
901 2277 929 2328 3
967 2263 1127 2350 die;

437 2387 616 2482 Quia
642 2389 855 2462 olim
834 2413 907 2463 m
932 2384 1112 2463 hunc
1140 2388 1288 2465 sunt
1310 2384 1703 2464 constitutae
1728 2384 2042 2523 nuptiae.
2059 2402 2204 2460 tum
2231 2412 2356 2461 au-

773 2530 910 2586 tem
949 2513 1085 2587 hoc
1123 2513 1357 2603 timet,
2259 2535 2346 2611 35

438 2633 545 2707 Ne
568 2635 823 2710 deseras
860 2637 947 2711 se.
989 2642 1068 2709 Ρ.
1092 2637 1245 2709 hem
1269 2661 1533 2735 ,egone
1560 2633 1779 2710 isthuc
1799 2635 2027 2712 conari
2053 2660 2293 2735 queam
2318 2635 2356 2713 ?

254 2823 262 2830 .
309 2765 346 2806 '·
439 2774 469 2816 ⁴
503 2760 650 2860 Ego
674 2779 955 2857 propter
978 2785 1086 2833 me
1109 2761 1286 2832 illam
1314 2760 1529 2856 decipi
1554 2752 1855 2832 miseram
1882 2760 2130 2838 finam?

405 2882 632 2976 ‘Quae
691 2882 858 2956 mihi
919 2883 1110 2956 suum
1162 2882 1453 2957 animum
1482 2930 1508 2971 ,
1556 2905 1756 2984 atque
1810 2909 2086 2961 omnem
2141 2886 2359 2963 vitan}

770 3007 1052 3084 credidit
1076 3033 1103 3096 3

435 3132 656 3226 Quam
722 3158 853 3233 ego
909 3132 1138 3208 animo
1187 3134 1454 3234 egregie
1502 3159 1724 3209 caram
1777 3160 1906 3234 pro
1955 3163 2172 3217 uxore
2224 3139 2347 3214 ha-

766 3259 1026 3335 buerim
1054 3287 1079 3345 3
1889 3351 1905 3369 „

437 3380 614 3454 Bene
638 3372 707 3457 et'
732 3376 970 3481 pudice
995 3388 1138 3461 eius
1160 3386 1435 3461 doftum
1462 3401 1664 3484 atque
1685 3384 1992 3475 edueium
2021 3384 2222 3458 finam
2248 3411 2348 3481 40

436 3503 760 3582 Coaaum
802 3508 1079 3608 egestate
1129 3510 1470 3609 ingenium
1499 3507 1982 3608 ‚immuta-ier?

432 3626 498 3697 N
503 3652 595 3701 on
617 3630 879 3706 faciam.
912 3636 1017 3706 M.
1050 3635 1223 3708 haud
1246 3657 1488 3707 vereor
1506 3684 1530 3720 ,
1554 3631 1599 3701 fi
1627 3631 1696 3701 in
1723 3648 1789 3705 te
1814 3629 1960 3707 solo
1985 3630 2061 3706 fit
2082 3632 2276 3718 fitum
2298 3660 2339 3713 2-

435 3752 564 3845 sed
584 3753 724 3826 vim
748 3780 821 3831 ut
841 3780 1047 3855 queas
1068 3759 1261 3832 ferre.
1286 3760 1368 3828 Ρ.
1391 3750 1628 3831 adeon’
1648 3779 1758 3826 me
1778 3753 2093 3854 ignavum
2113 3763 2349 3858 putas?

516 3923 543 3962 ι
577 3904 751 3981 Lenta
774 3909 1045 3989 quaedam
1074 3909 1137 3970 δι
1166 3907 1325 3970 mstis
1438 3908 1614 3990 vulgo
1632 3907 1824 3992 legitur
1835 3912 2082 3994 fillicitp
2098 3914 2186 3996 est,
2204 3917 2341 3983 diem

432 4005 510 4070 est
532 4009 803 4092 responfio
815 4012 920 4084 ,ἃ
938 4014 1127 4076 dolore
1147 4007 1327 4097 plena.>
1437 4017 1565 4096 quia
1582 4017 1695 4080 διε.

513 4138 548 4178 2
566 4114 668 4180 Int-
697 4119 945 4183 dolorem
970 4137 1172 4203 partus.
1523 4146 1563 4200 4
1580 4124 1701 4190 MS.
1721 4125 1960 4193 Traie&
1977 4128 2039 4190 &
2051 4127 2203 4189 Leid.
2216 4150 2342 4199 on»

514 4244 542 4305 3
583 4224 676 4288 Sic
721 4226 885 4291 MSS.
917 4227 1069 4291 Leid.
1088 4251 1281 4292 omnes
1301 4276 1321 4307 ,
1437 4251 1534 4292 nes
1557 4253 1729 4312 egone.
1752 4232 1981 4302 Cim&
1999 4240 2194 4297 iamex
2211 4236 2340 4302 MS.

424 4332 647 4399 Marck.
691 4336 756 4399 &
790 4337 884 4400 ed.
912 4337 1122 4401 Venet-
1174 4358 1328 4422 ¹490
1437 4336 1735 4407 Lindenbr.
1815 4338 1822 4352 '

420 4440 667 4524 aliaeque
687 4462 819 4507 vett.
851 4445 916 4510 In
942 4446 1070 4511 edd.
1097 4465 1320 4511 recentt.
1693 4534 1703 4547 Ι
1824 4533 1878 4607 Β

410 4585 416 4596 .
910 4551 914 4554 “
1912 4552 1962 4626 ’4
2058 4622 2071 4630 ‚

2370 4538 2568 4810 ,ι’-
