2809 5234
985 880 1742 955 PHo-RMIO.·
2118 889 2329 966 '2¹9

415 1049 521 1155 D.
575 1045 890 1121 Etiamne
925 1042 995 1115 id
1039 1042 1328 1114 dubium
1367 1037 1513 1112 est?
1553 1043 1641 1112 G.
1676 1037 1858 1110 haud
1884 1035 2023 1109 scio
2049 1035 2330 1125 hercle,

793 1185 873 1237 ut
921 1167 1141 1237 homo
1200 1163 1296 1236 est
1346 1180 1418 1253 ¹,
1469 1189 1558 1235 an
1613 1175 1837 1232 mutet
1867 1159 2191 1230 animum.

417 1293 526 1361 D.
567 1284 791 1359 Hem!
859 1302 1087 1356 mutet
1152 1284 1435 1357 autem?
1494 1288 1576 1356 G.
1615 1279 1904 1379 nescioss
1955 1300 2242 1367 verum,
2285 1275 2339 1348 st

581 1392 586 1396 ’
830 1402 1060 1493 forte,
1117 1405 1299 1477 dico.
2259 1422 2343 1469 10
2418 1421 2424 1427 ·

421 1530 529 1602 D.
574 1529 672 1597 Ita
723 1523 967 1597 faciam
992 1579 1015 1615 ,
1085 1544 1162 1596 ut
1213 1524 1426 1597 frater
1480 1521 1746 1599 censuit
1781 1543 1861 1611 23
1920 1536 2001 1592 ut
2053 1540 2346 1590 uxorem

826 1648 969 1724 eius
1009 1647 1145 1718 huc
1193 1647 1527 1718 adducam
1553 1700 1578 1737 ,

426 1771 609 1844 Cum
645 1770 765 1845 ista
798 1790 877 1843 ut
917 1769 1266 1866 loquatur.
1295 1785 1374 1838 tu
1396 1819 1422 1856 ‚
1453 1770 1660 1858 Geta,
1695 1765 1807 1839 abi
1845 1787 1865 1831 ε
1895 1789 1915 1836 z
1945 1758 2352 1862 praenuntia

816 1892 993 1964 hanc
1025 1909 1061 1953 4
1095 1912 1489 1963 venturam.

672 2159 1107 2232 AcTsUS
1241 2161 1326 2230 V.
1430 2140 1852 2227 SCEN'A
1917 2155 2116 2226 II.5

1190 2367 1602 2440 GETA.

415 2608 420 2613 -
448 2570 538 2637 G.
553 2467 1086 2658 ARgentum
1127 2560 1497 2635 inventum
1527 2561 1624 2634 est
1653 2560 2016 2636 Phaedriae
2046 2587 2066 2635 ε
2101 2562 2188 2637 de
2215 2561 2361 2637 iur-

840 2687 958 2783 gio
997 2683 1024 2724 ‘
1066 2684 1301 2758 filetur
1335 2711 1355 2756 τ

435 2805 803 2884 Provisum
846 2805 943 2881 est
965 2860 988 2899 ,
1022 2832 1109 2880 ne
1145 2807 1219 2880 in
1252 2772 1633 2904 praesehtia
1660 2805 1828 2881 haec
1863 2806 2022 2880 hinc
2057 2805 2255 2882 abeat
2286 2831 2360 2876 γε

818 2931 987 3030 quid
1036 2956 1222 3004 nunc
1261 2953 1478 3027 porro
1505 2930 1540 3000 ⁴?

440 3052 635 3145 Quid
689 3053 873 3173 fiess?
948 3054 1022 3126 in
1070 3055 1326 3128 eodem
1376 3053 1531 3127 luto
1587 3052 1868 3128 haefitas
1903 3052 1932 3102 ⁸
1981 3076 2002 3123 ε
2075 3051 2366 3126 versura

829 3175 1087 3269 solviS,

530 3495 556 3535 1
604 3475 676 3535 cf.
705 3472 959 3559 Adelph.
992 3478 1060 3551 1,
1086 3500 1152 3552 2,
1190 3485 1286 3558 63.
1486 3476 1657 3538 futuri
1690 3475 1935 3536 rationes
1973 3470 2104 3532 init.

522 3604 553 3638 2
585 3581 848 3655 Tegritus
868 3584 981 3642 iam
996 3585 1171 3642 utitur
1191 3605 1328 3643 con·
1580 3594 1612 3643 6
1642 3584 1818 3644 Patris
1833 3602 1958 3641 cum
1977 3576 2098 3636 filio
2119 3573 2365 3657 Antiph-

445 3682 568 3743 {ilio
618 3685 807 3746 fratris
838 3707 855 3759 3
906 3705 965 3744 ut
1015 3687 1179 3744 citius
1233 3708 1322 3746 res
1371 3748 1378 3755 ,
1571 3709 1605 3756 7
1662 3688 1918 3768 Spatium
1947 3686 2101 3744 enim
2158 3682 2363 3765 posce-

446 3787 775 3847 conficiatur
815 3789 970 3846 bona
1005 3790 1203 3870 gratia.
1491 3811 1578 3851 tur
1616 3793 1685 3852 ad
1709 3791 2060 3871 apparandas
2086 3791 2313 3874 nuptias
2344 3809 2364 3863 3

535 3913 561 3970 3
598 3891 695 3951 Ad
731 3891 1030 3951 Phanium.
1493 3895 1565 3957 cf.
1601 3897 1812 3971 1v‚4,
1841 3921 1933 3962 ιι.
2012 3888 2017 3892 ’

528 4023 567 4073 4
618 3996 755 4058 scil.
788 3997 850 4057 N
853 3996 1206 4059 aufistratam.
1573 4008 1604 4061 8
1626 4001 1882 4068 Lastant.
1912 4004 2099 4080 V11,2
2123 4000 2372 4082 itaquein

534 4127 560 4181 5
605 4100 860 4190 Ingteffo
904 4109 1020 4166 iam
1049 4105 1223 4167 Dem.
1262 4106 1334 4167 ad
1498 4110 1676 4169 varias
1696 4113 1897 4194 sibique
1917 4115 2074 4195 saepe
2087 4107 2372 4170 contrarias

449 4208 853 4273 Naufistratam
872 4256 893 4283 ,
928 4210 1121 4283 Geta,
1171 4232 1337 4274 ante-
1489 4215 1775 4297 sqntentias
1809 4219 2124 4291 inciderunt,
2170 4238 2237 4276 ex
2257 4212 2375 4294 qui-

451 4339 624 4402 quam
643 4320 802 4382 abeat
819 4365 840 4392 ‚
857 4318 1009 4381 folus
1033 4318 1218 4383 secum
1241 4345 1329 4384 re·
1494 4325 1591 4384 bus
1621 4325 1819 4384 exitum
1864 4345 1967 4383 non
2009 4322 2280 4406 Ιιαόενςηες
2318 4317 2374 4376 6·

452 4441 651 4511 Pam,
700 4447 842 4512 quae
887 4430 1014 4491 asta
1067 4427 1170 4495 fiat
1208 4475 1226 4505 ,
1278 4439 1335 4494 δι
1496 4431 1555 4492 in
1582 4431 1754 4492 eodem
1793 4429 1905 4490 luto
1920 4471 1939 4503 ,
1958 4424 2102 4507 ficut
2139 4416 2376 4487 Comicus

2286 4710 2418 4824 Δ
