2809 5234
359 552 363 559 ι

341 570 345 579 ι

102 622 106 629 ι

987 642 991 649 ι

289 839 420 949 78·
541 800 1024 924 nrnnnnrm

289 1011 336 1081 P.
353 1021 364 1059 ¹
388 1005 490 1103 Quil
509 1014 548 1081 S.
570 1006 649 1106 quia
669 1008 770 1083 habet
790 1007 882 1080 aliud
904 1007 1010 1105 magis
1028 1031 1070 1081 ex
1092 1004 1160 1084 sese
1176 1021 1214 1103 ²,
1234 1031 1271 1089 et

172 1145 175 1151 '
460 1136 579 1209 maius.
603 1140 643 1209 P.
662 1130 852 1232 quidnam?
877 1138 915 1206 S·
935 1133 1068 1207 vinslus
1087 1132 1147 1208 est.

290 1264 332 1336 P.
344 1261 466 1352 Pater,
489 1284 560 1332 non
579 1259 696 1351 reele³
724 1257 856 1331 vinetus
876 1255 934 1332 est.
953 1263 990 1331 S.
1013 1257 1101 1332 haud
1119 1259 1165 1334 ita
1186 1260 1271 1339 iuffi.

459 1388 503 1456 P.
526 1383 603 1457 iube
624 1382 732 1471 solvi,
748 1384 902 1457 obsecro.

288 1515 327 1586 S.
340 1511 412 1609 Age
425 1506 494 1583 fiat.
507 1512 550 1580 P.
562 1526 595 1581 ar
612 1522 628 1567 4
643 1526 782 1599 matura.
793 1513 832 1580 S.
845 1531 889 1581 eo
908 1504 1008 1583 intro.
1023 1509 1065 1585 P.
1075 1533 1099 1583 o
1110 1508 1269 1607 faustum,

458 1651 493 1710 et
513 1631 645 1708 felicem
666 1632 768 1706 diem.

444 1838 659 1913 'ACYUS
715 1845 757 1915 V.
806 1840 1014 1914 SCENA
1063 1846 1105 1917 V.
1191 1886 1197 1899 ··

424 2002 1133 2121 cntnrnns,pnnnn1ron

288 2246 324 2316 C.
338 2140 412 2320 P
415 2237 568 2330 Roviso,
586 2238 668 2338 quid
690 2261 764 2338 agat
786 2240 999 2340 Pamphilus:
1020 2259 1121 2343 atque
1133 2266 1263 2320 ereum

457 2371 497 2440 P.
518 2364 634 2464 aliquis
657 2364 771 2438 forsan
797 2392 853 2442 me
872 2383 967 2464 putet

285 2492 370 2564 Non
391 2506 507 2590 putare
528 2490 597 2564 boc
620 2516 765 2566 verum:
784 2511 818 2565 at
832 2492 914 2565 mihi
939 2487 1093 2567 nunofic
1109 2491 1175 2568 esse
1192 2492 1261 2571 hoo

459 2640 580 2688 vetum
601 2612 702 2688 lubet.

285 2742 360 2841 Ego
396 2740 538 2815 deorum
573 2739 678 2815 vitam
716 2758 894 2840 propterea
929 2741 1163 2840 sempiternam
1193 2738 1262 2818 esse

457 2864 629 2956 arbitror,

228 3042 234 3049 -
284 2989 393 3085 Quod
416 2990 610 3088 voluptates
632 3015 754 3065 eorum
775 2990 933 3090 proptiae
957 2980 1151 3076 sumnam
1176 2988 1260 3067 mibi

454 3115 685 3191 immortalitas

327 3366 339 3406 1
356 3345 403 3407 Al.
412 3343 495 3408 MSS.
510 3344 542 3406 &
556 3341 619 3405 edd.
627 3343 673 3423 qui
684 3362 739 3402 non
797 3342 849 3402 cirl
863 3338 971 3401 iussisset
982 3342 1086 3423 (quem
1102 3339 1255 3426 quadrupe-

275 3442 384 3524 potest?
795 3434 862 3497 dem
878 3432 1024 3518 constringi
1034 3434 1174 3519 iusserat).
1186 3436 1256 3498 Aliis

323 3528 667 3602 nlocosedicit,Davum
675 3573 686 3600 ,
696 3527 740 3587 cui
799 3526 866 3588 haec
883 3529 1003 3610 ambigui
1019 3527 1150 3589 subtilitas
1167 3532 1257 3590 minus

281 3624 496 3707 negotiumdare
503 3626 616 3685 volebat
623 3621 738 3702 Pamph.
798 3622 919 3692 atritler,
933 3621 1096 3705 videturque
1112 3629 1141 3680 “n
1161 3625 1201 3681 ira
1218 3619 1255 3683 ad

279 3737 316 3777 ex
334 3716 362 3776 se
380 3717 480 3777 babere
504 3718 630 3797 negotia,
653 3716 680 3774 lt.
710 3735 733 3774 e.
795 3736 849 3773 non
871 3720 931 3773 telle
948 3714 1063 3787 referri,
1083 3712 1158 3797 quast
1179 3715 1252 3777 dice·
1274 3788 1290 3803 ,

277 3831 350 3893 quae
362 3808 452 3894 ipsum
467 3816 579 3892 propius
595 3827 716 3894 tangant.
795 3829 857 3881 ret,
871 3810 897 3871 se
914 3814 1029 3872 omnino
1046 3812 1151 3873 reslurn
1170 3809 1254 3871 iuffis-

320 3926 334 3988 3
347 3904 569 3985 Ambigninsest
576 3906 603 3961 in
612 3911 736 3978 lorea&
794 3904 830 3967 se.
839 3904 931 3965 Sed&
941 3906 1081 3990 aliilegunt
1090 3925 1119 3966 ar
1131 3906 1173 3964 ira
1183 3902 1252 3981 iuffi‚

277 3999 356 4082 quod
365 4001 441 4060 enim
452 3996 566 4078 Pamph.
578 3997 734 4079 improbat,
792 4002 825 4062 ὃ(
844 4000 995 4082 explicant,
1008 4020 1038 4063 ut
1053 4001 1125 4063 tolle
1137 4000 1253 4060 vincire·

277 4110 379 4153 utnon
397 4095 458 4153 resse
475 4090 593 4161 iussum,
608 4093 635 4150 id
651 4092 731 4152 senex
790 4111 851 4164 tur,
865 4095 892 4153 b.
912 4116 937 4158 e.
953 4094 1076 4156 vinetum
1095 4094 1121 4156 se
1138 4090 1250 4166 sentiat,

279 4184 338 4261 (ex
363 4186 584 4266 interpretatione
605 4183 736 4262 Donati)
796 4205 826 4245 ut
837 4185 891 4245 sese
901 4209 1080 4250 commovere
1095 4207 1150 4248 non
1161 4183 1252 4268 posstt.

278 4277 375 4338 iocans
401 4281 517 4338 ad‘rem
543 4277 642 4353 refert,
663 4276 738 4358 quast
847 4301 867 4352 4
884 4280 957 4344 Tan.
975 4282 1065 4345 Faber
1082 4302 1202 4356 mature,
1220 4296 1251 4343 ut

279 4369 427 4432 cumrette
443 4371 472 4431 h.
483 4391 508 4430 e.
522 4370 663 4452 diligenter
675 4371 739 4429 vin·
797 4366 867 4429 Eun.
887 4369 931 4440 11,
957 4391 990 4442 ι,
1008 4393 1036 4436 2.
