<?xml version="1.0" encoding="UTF-8"?>
<!DOCTYPE html PUBLIC "-//W3C//DTD XHTML 1.0 Transitional//EN"
    "http://www.w3.org/TR/xhtml1/DTD/xhtml1-transitional.dtd">
<html xmlns="http://www.w3.org/1999/xhtml" xml:lang="en" lang="en">
 <head>
  <title>
</title>
<meta http-equiv="Content-Type" content="text/html;charset=utf-8" />
  <meta name='ocr-system' content='tesseract 3.04.00' />
  <meta name='ocr-capabilities' content='ocr_page ocr_carea ocr_par ocr_line ocrx_word'/>
</head>
<body>
  <div class='ocr_page' id='page_1' title='image "./publiiterentiia00teregoog/publiiterentiia00teregoog_0458.png"; bbox 0 0 2809 5234; ppageno 0'>
   <div class='ocr_carea' id='block_1_1' title="bbox 303 542 1024 649">
    <p class='ocr_par' dir='ltr' id='par_1_1' title="bbox 303 542 1024 649">
     <span class='ocr_line' id='line_1_1' title="bbox 303 542 1024 649; baseline -0.007 -22"><span class='ocrx_word' id='word_1_1' title='bbox 303 551 352 649; x_wconf 58' lang='grc' dir='ltr'><em>ᾤ</em></span> <span class='ocrx_word' id='word_1_2' title='bbox 542 542 1024 623; x_wconf 83' lang='lat' dir='ltr'><strong>P.TERENT11</strong></span> 
     </span>
    </p>
   </div>
   <div class='ocr_carea' id='block_1_2' title="bbox 302 708 1280 808">
    <p class='ocr_par' dir='ltr' id='par_1_2' title="bbox 302 708 1280 808">
     <span class='ocr_line' id='line_1_2' title="bbox 302 708 1280 808; baseline 0.008 -21"><span class='ocrx_word' id='word_1_3' title='bbox 302 713 339 787; x_wconf 94' lang='lat' dir='ltr'>O</span> <span class='ocrx_word' id='word_1_4' title='bbox 359 711 522 802; x_wconf 82' lang='lat' dir='ltr'>coelum,</span> <span class='ocrx_word' id='word_1_5' title='bbox 541 735 565 783; x_wconf 92' lang='lat' dir='ltr'>o</span> <span class='ocrx_word' id='word_1_6' title='bbox 580 729 693 803; x_wconf 88' lang='lat' dir='ltr'>terra,</span> <span class='ocrx_word' id='word_1_7' title='bbox 716 735 740 784; x_wconf 93' lang='grc' dir='ltr'><strong>ο</strong></span> <span class='ocrx_word' id='word_1_8' title='bbox 765 708 872 783; x_wconf 87' lang='lat' dir='ltr'>maria</span> <span class='ocrx_word' id='word_1_9' title='bbox 889 709 1046 808; x_wconf 83' lang='lat' dir='ltr'>Neptuni</span> <span class='ocrx_word' id='word_1_10' title='bbox 1064 728 1074 764; x_wconf 90' lang='lat'>¹</span> <span class='ocrx_word' id='word_1_11' title='bbox 1092 709 1101 787; x_wconf 92' lang='grc' dir='ltr'>Ι</span> <span class='ocrx_word' id='word_1_12' title='bbox 1120 717 1173 790; x_wconf 83' lang='grc' dir='ltr'>Μ.</span> <span class='ocrx_word' id='word_1_13' title='bbox 1188 714 1280 795; x_wconf 78' lang='lat' dir='ltr'>hena</span> 
     </span>
    </p>
   </div>
   <div class='ocr_carea' id='block_1_3' title="bbox 498 838 585 929">
    <p class='ocr_par' dir='ltr' id='par_1_3' title="bbox 498 838 585 929">
     <span class='ocr_line' id='line_1_3' title="bbox 498 838 585 929; baseline -0.011 -19"><span class='ocrx_word' id='word_1_14' title='bbox 498 838 585 929; x_wconf 88' lang='lat' dir='ltr'>tibi,</span> 
     </span>
    </p>
   </div>
   <div class='ocr_carea' id='block_1_4' title="bbox 303 961 1288 1070">
    <p class='ocr_par' dir='ltr' id='par_1_4' title="bbox 303 961 1288 1070">
     <span class='ocr_line' id='line_1_4' title="bbox 303 961 1288 1070; baseline 0.001 -34"><span class='ocrx_word' id='word_1_15' title='bbox 303 962 457 1036; x_wconf 83' lang='lat' dir='ltr'>Rescivit</span> <span class='ocrx_word' id='word_1_16' title='bbox 476 986 617 1037; x_wconf 90' lang='lat' dir='ltr'>omnem</span> <span class='ocrx_word' id='word_1_17' title='bbox 639 986 712 1034; x_wconf 91' lang='lat' dir='ltr'>rem</span> <span class='ocrx_word' id='word_1_18' title='bbox 725 984 735 1031; x_wconf 76' lang='lat' dir='ltr'>a</span> <span class='ocrx_word' id='word_1_19' title='bbox 750 961 786 1034; x_wconf 84' lang='lat' dir='ltr'>id</span> <span class='ocrx_word' id='word_1_20' title='bbox 806 988 899 1037; x_wconf 87' lang='lat' dir='ltr'>nunc</span> <span class='ocrx_word' id='word_1_21' title='bbox 921 964 1047 1039; x_wconf 79' lang='lat' dir='ltr'>clamet</span> <span class='ocrx_word' id='word_1_22' title='bbox 1061 989 1071 1037; x_wconf 78' lang='lat' dir='ltr'>a</span> <span class='ocrx_word' id='word_1_23' title='bbox 1087 963 1183 1041; x_wconf 88' lang='lat' dir='ltr'>ilicet</span> <span class='ocrx_word' id='word_1_24' title='bbox 1200 986 1241 1061; x_wconf 80' lang='lat'>⁸,</span> <span class='ocrx_word' id='word_1_25' title='bbox 1257 992 1288 1070; x_wconf 68' lang='grc' dir='ltr'>ς.</span> 
     </span>
    </p>
   </div>
   <div class='ocr_carea' id='block_1_5' title="bbox 301 1087 1251 1306">
    <p class='ocr_par' dir='ltr' id='par_1_5' title="bbox 301 1087 1251 1306">
     <span class='ocr_line' id='line_1_5' title="bbox 301 1087 1251 1171; baseline 0.009 -9"><span class='ocrx_word' id='word_1_26' title='bbox 301 1094 441 1164; x_wconf 85' lang='lat' dir='ltr'>Paratae</span> <span class='ocrx_word' id='word_1_27' title='bbox 460 1090 557 1162; x_wconf 81' lang='lat' dir='ltr'>lites:</span> <span class='ocrx_word' id='word_1_28' title='bbox 573 1087 840 1163; x_wconf 87' lang='lat' dir='ltr'>succurrendum</span> <span class='ocrx_word' id='word_1_29' title='bbox 852 1089 911 1164; x_wconf 91' lang='lat' dir='ltr'>est.</span> <span class='ocrx_word' id='word_1_30' title='bbox 925 1095 975 1166; x_wconf 87' lang='lat' dir='ltr'>D.</span> <span class='ocrx_word' id='word_1_31' title='bbox 988 1117 1110 1167; x_wconf 90' lang='lat' dir='ltr'>eccum</span> <span class='ocrx_word' id='word_1_32' title='bbox 1125 1095 1134 1168; x_wconf 84' lang='grc' dir='ltr'>Ι</span> <span class='ocrx_word' id='word_1_33' title='bbox 1149 1096 1251 1171; x_wconf 86' lang='lat' dir='ltr'>adest</span> 
     </span>
     <span class='ocr_line' id='line_1_6' title="bbox 302 1210 1136 1306; baseline 0.004 -20"><span class='ocrx_word' id='word_1_34' title='bbox 302 1210 509 1286; x_wconf 83' lang='lat' dir='ltr'>Communis</span> <span class='ocrx_word' id='word_1_35' title='bbox 538 1210 739 1306; x_wconf 83' lang='lat' dir='ltr'>corruptela</span> <span class='ocrx_word' id='word_1_36' title='bbox 763 1210 919 1284; x_wconf 83' lang='lat' dir='ltr'>nostrum</span> <span class='ocrx_word' id='word_1_37' title='bbox 943 1212 1092 1288; x_wconf 87' lang='lat' dir='ltr'>liberum</span> <span class='ocrx_word' id='word_1_38' title='bbox 1112 1237 1136 1289; x_wconf 79' lang='lat' dir='ltr'>t.</span> 
     </span>
    </p>
   </div>
   <div class='ocr_carea' id='block_1_6' title="bbox 302 1334 1281 1437">
    <p class='ocr_par' dir='ltr' id='par_1_6' title="bbox 302 1334 1281 1437">
     <span class='ocr_line' id='line_1_7' title="bbox 302 1334 1281 1437; baseline 0.007 -26"><span class='ocrx_word' id='word_1_39' title='bbox 302 1343 361 1414; x_wconf 86' lang='lat' dir='ltr'>M.</span> <span class='ocrx_word' id='word_1_40' title='bbox 385 1334 543 1409; x_wconf 84' lang='lat' dir='ltr'>Tandem</span> <span class='ocrx_word' id='word_1_41' title='bbox 574 1335 725 1431; x_wconf 81' lang='lat' dir='ltr'>reprime</span> <span class='ocrx_word' id='word_1_42' title='bbox 759 1335 997 1429; x_wconf 77' lang='lat' dir='ltr'>iracundiam,</span> <span class='ocrx_word' id='word_1_43' title='bbox 1026 1344 1145 1437; x_wconf 64' lang='lat' dir='ltr'>atque}</span> <span class='ocrx_word' id='word_1_44' title='bbox 1162 1340 1207 1415; x_wconf 87' lang='lat' dir='ltr'>ad</span> <span class='ocrx_word' id='word_1_45' title='bbox 1239 1360 1281 1420; x_wconf 90' lang='lat' dir='ltr'>te</span> 
     </span>
    </p>
   </div>
   <div class='ocr_carea' id='block_1_7' title="bbox 500 1457 619 1531">
    <p class='ocr_par' dir='ltr' id='par_1_7' title="bbox 500 1457 619 1531">
     <span class='ocr_line' id='line_1_8' title="bbox 500 1457 619 1531; baseline 0.017 -2"><span class='ocrx_word' id='word_1_46' title='bbox 500 1457 577 1530; x_wconf 89' lang='lat' dir='ltr'>redi</span> <span class='ocrx_word' id='word_1_47' title='bbox 592 1478 619 1531; x_wconf 86' lang='lat'>⁴.</span> 
     </span>
    </p>
   </div>
   <div class='ocr_carea' id='block_1_8' title="bbox 298 1582 1282 2044">
    <p class='ocr_par' dir='ltr' id='par_1_8' title="bbox 298 1582 1282 2044">
     <span class='ocr_line' id='line_1_9' title="bbox 302 1582 1222 1684; baseline -0.002 -25"><span class='ocrx_word' id='word_1_48' title='bbox 302 1592 355 1661; x_wconf 81' lang='lat' dir='ltr'>D.</span> <span class='ocrx_word' id='word_1_49' title='bbox 381 1583 561 1681; x_wconf 65' lang='lat' dir='ltr'>repressa,</span> <span class='ocrx_word' id='word_1_50' title='bbox 587 1582 694 1655; x_wconf 85' lang='lat' dir='ltr'>redii:</span> <span class='ocrx_word' id='word_1_51' title='bbox 716 1583 819 1658; x_wconf 89' lang='lat' dir='ltr'>mitto</span> <span class='ocrx_word' id='word_1_52' title='bbox 839 1583 1019 1684; x_wconf 69' lang='lat' dir='ltr'>maledieia</span> <span class='ocrx_word' id='word_1_53' title='bbox 1043 1585 1160 1659; x_wconf 90' lang='lat' dir='ltr'>omnia</span> <span class='ocrx_word' id='word_1_54' title='bbox 1180 1604 1222 1657; x_wconf 80' lang='lat'>5:</span> 
     </span>
     <span class='ocr_line' id='line_1_10' title="bbox 301 1703 1282 1803; baseline 0 -22"><span class='ocrx_word' id='word_1_55' title='bbox 301 1712 390 1781; x_wconf 87' lang='lat' dir='ltr'>Rem</span> <span class='ocrx_word' id='word_1_56' title='bbox 401 1704 507 1803; x_wconf 80' lang='lat' dir='ltr'>ipsam</span> <span class='ocrx_word' id='word_1_57' title='bbox 520 1723 682 1801; x_wconf 88' lang='lat' dir='ltr'>putemus</span> <span class='ocrx_word' id='word_1_58' title='bbox 698 1728 708 1772; x_wconf 91' lang='lat'><strong>:</strong></span> <span class='ocrx_word' id='word_1_59' title='bbox 724 1704 853 1777; x_wconf 63' lang='lat' dir='ltr'>dietum</span> <span class='ocrx_word' id='word_1_60' title='bbox 866 1703 1032 1779; x_wconf 85' lang='lat' dir='ltr'>internos</span> <span class='ocrx_word' id='word_1_61' title='bbox 1046 1704 1114 1777; x_wconf 90' lang='lat' dir='ltr'>hoc</span> <span class='ocrx_word' id='word_1_62' title='bbox 1126 1704 1207 1797; x_wconf 87' lang='lat' dir='ltr'>fuit,</span> <span class='ocrx_word' id='word_1_63' title='bbox 1227 1735 1282 1786; x_wconf 86' lang='lat'>10</span> 
     </span>
     <span class='ocr_line' id='line_1_11' title="bbox 298 1822 1196 1919; baseline -0.007 -21"><span class='ocrx_word' id='word_1_64' title='bbox 298 1828 353 1899; x_wconf 74' lang='lat' dir='ltr'>Ex</span> <span class='ocrx_word' id='word_1_65' title='bbox 373 1843 408 1898; x_wconf 87' lang='lat' dir='ltr'>te</span> <span class='ocrx_word' id='word_1_66' title='bbox 433 1826 522 1897; x_wconf 88' lang='lat' dir='ltr'>adeo</span> <span class='ocrx_word' id='word_1_67' title='bbox 538 1822 750 1915; x_wconf 76' lang='lat' dir='ltr'>est&#39;ottum,</span> <span class='ocrx_word' id='word_1_68' title='bbox 772 1847 816 1895; x_wconf 86' lang='lat' dir='ltr'>ne</span> <span class='ocrx_word' id='word_1_69' title='bbox 836 1840 876 1895; x_wconf 90' lang='lat' dir='ltr'>tu</span> <span class='ocrx_word' id='word_1_70' title='bbox 898 1847 1032 1897; x_wconf 87' lang='lat' dir='ltr'>curares</span> <span class='ocrx_word' id='word_1_71' title='bbox 1050 1846 1166 1894; x_wconf 89' lang='lat' dir='ltr'>meum</span> <span class='ocrx_word' id='word_1_72' title='bbox 1178 1875 1196 1919; x_wconf 18' lang='grc' dir='ltr'>ι,</span> 
     </span>
     <span class='ocr_line' id='line_1_12' title="bbox 301 1942 1274 2044; baseline 0.002 -25"><span class='ocrx_word' id='word_1_73' title='bbox 301 1945 402 2021; x_wconf 89' lang='lat' dir='ltr'>Neve</span> <span class='ocrx_word' id='word_1_74' title='bbox 425 1970 490 2044; x_wconf 82' lang='lat' dir='ltr'>ego</span> <span class='ocrx_word' id='word_1_75' title='bbox 511 1946 641 2016; x_wconf 80' lang='lat' dir='ltr'>tuum?</span> <span class='ocrx_word' id='word_1_76' title='bbox 663 1942 846 2042; x_wconf 88' lang='lat' dir='ltr'><strong>responde.</strong></span> <span class='ocrx_word' id='word_1_77' title='bbox 872 1948 925 2020; x_wconf 81' lang='lat' dir='ltr'>M.</span> <span class='ocrx_word' id='word_1_78' title='bbox 950 1943 1073 2019; x_wconf 63' lang='lat' dir='ltr'>saarim</span> <span class='ocrx_word' id='word_1_79' title='bbox 1092 1942 1140 2018; x_wconf 85' lang='lat' dir='ltr'>est</span> <span class='ocrx_word' id='word_1_80' title='bbox 1156 1998 1170 2037; x_wconf 92' lang='lat'>,</span> <span class='ocrx_word' id='word_1_81' title='bbox 1186 1971 1274 2022; x_wconf 84' lang='lat' dir='ltr'>non</span> 
     </span>
    </p>
   </div>
   <div class='ocr_carea' id='block_1_9' title="bbox 495 2092 605 2168">
    <p class='ocr_par' dir='ltr' id='par_1_9' title="bbox 495 2092 605 2168">
     <span class='ocr_line' id='line_1_13' title="bbox 495 2092 605 2168; baseline 0.045 -27"><span class='ocrx_word' id='word_1_82' title='bbox 495 2092 605 2168; x_wconf 82' lang='lat' dir='ltr'>nego.</span> 
     </span>
    </p>
   </div>
   <div class='ocr_carea' id='block_1_10' title="bbox 298 2340 741 2561">
    <p class='ocr_par' dir='ltr' id='par_1_10' title="bbox 298 2340 741 2561">
     <span class='ocr_line' id='line_1_14' title="bbox 304 2340 739 2456; baseline 0.005 -23"><span class='ocrx_word' id='word_1_83' title='bbox 304 2340 307 2347; x_wconf 23' lang='grc' dir='ltr'>Ι</span> <span class='ocrx_word' id='word_1_84' title='bbox 343 2393 356 2433; x_wconf 85' lang='grc' dir='ltr'><strong>ι</strong></span> <span class='ocrx_word' id='word_1_85' title='bbox 386 2371 482 2452; x_wconf 88' lang='lat' dir='ltr'>Quam</span> <span class='ocrx_word' id='word_1_86' title='bbox 506 2374 612 2456; x_wconf 78' lang='lat' dir='ltr'>tragice</span> <span class='ocrx_word' id='word_1_87' title='bbox 636 2373 739 2437; x_wconf 86' lang='lat' dir='ltr'>clamat</span> 
     </span>
     <span class='ocr_line' id='line_1_15' title="bbox 298 2481 741 2561; baseline 0.002 -16"><span class='ocrx_word' id='word_1_88' title='bbox 298 2485 336 2545; x_wconf 83' lang='lat' dir='ltr'>ad</span> <span class='ocrx_word' id='word_1_89' title='bbox 357 2483 489 2545; x_wconf 85' lang='lat' dir='ltr'>ultimum</span> <span class='ocrx_word' id='word_1_90' title='bbox 503 2481 597 2547; x_wconf 85' lang='lat' dir='ltr'>senex.</span> <span class='ocrx_word' id='word_1_91' title='bbox 611 2489 679 2550; x_wconf 72' lang='grc' dir='ltr'>Αᾶ.</span> <span class='ocrx_word' id='word_1_92' title='bbox 702 2489 716 2546; x_wconf 87' lang='grc' dir='ltr'>Ι</span> <span class='ocrx_word' id='word_1_93' title='bbox 731 2533 741 2561; x_wconf 88' lang='grc'><em>,</em></span> 
     </span>
    </p>
   </div>
   <div class='ocr_carea' id='block_1_11' title="bbox 300 2582 740 2669">
    <p class='ocr_par' dir='ltr' id='par_1_11' title="bbox 300 2582 740 2669">
     <span class='ocr_line' id='line_1_16' title="bbox 300 2582 740 2669; baseline 0.014 -24"><span class='ocrx_word' id='word_1_94' title='bbox 300 2609 314 2645; x_wconf 91' lang='lat'><em>2</em></span> <span class='ocrx_word' id='word_1_95' title='bbox 331 2588 414 2646; x_wconf 84' lang='lat' dir='ltr'>tristis</span> <span class='ocrx_word' id='word_1_96' title='bbox 426 2582 563 2669; x_wconf 73' lang='lat' dir='ltr'>ingressus</span> <span class='ocrx_word' id='word_1_97' title='bbox 576 2590 740 2651; x_wconf 86' lang='lat' dir='ltr'>vehementi</span> 
     </span>
    </p>
   </div>
   <div class='ocr_carea' id='block_1_12' title="bbox 294 2699 740 3614">
    <p class='ocr_par' dir='ltr' id='par_1_12' title="bbox 294 2699 740 3614">
     <span class='ocr_line' id='line_1_17' title="bbox 299 2699 740 2782; baseline 0.002 -24"><span class='ocrx_word' id='word_1_98' title='bbox 299 2719 369 2758; x_wconf 81' lang='lat' dir='ltr'>voce</span> <span class='ocrx_word' id='word_1_99' title='bbox 385 2703 495 2758; x_wconf 89' lang='lat' dir='ltr'>nuntiat</span> <span class='ocrx_word' id='word_1_100' title='bbox 511 2699 585 2760; x_wconf 87' lang='lat' dir='ltr'>mala</span> <span class='ocrx_word' id='word_1_101' title='bbox 594 2721 603 2776; x_wconf 76' lang='lat'>3</span> <span class='ocrx_word' id='word_1_102' title='bbox 625 2703 740 2782; x_wconf 80' lang='lat' dir='ltr'>tandem</span> 
     </span>
     <span class='ocr_line' id='line_1_18' title="bbox 297 2802 740 2884; baseline 0 -24"><span class='ocrx_word' id='word_1_103' title='bbox 297 2804 422 2882; x_wconf 86' lang='lat' dir='ltr'>erumpit</span> <span class='ocrx_word' id='word_1_104' title='bbox 435 2824 461 2860; x_wconf 88' lang='lat' dir='ltr'>v.</span> <span class='ocrx_word' id='word_1_105' title='bbox 480 2823 514 2879; x_wconf 80' lang='lat'>32</span> <span class='ocrx_word' id='word_1_106' title='bbox 536 2802 590 2862; x_wconf 84' lang='lat' dir='ltr'>Pro</span> <span class='ocrx_word' id='word_1_107' title='bbox 602 2802 740 2884; x_wconf 83' lang='lat' dir='ltr'>Iuppiter,</span> 
     </span>
     <span class='ocr_line' id='line_1_19' title="bbox 297 2911 739 2991; baseline -0.005 -21"><span class='ocrx_word' id='word_1_108' title='bbox 297 2929 326 2970; x_wconf 80' lang='lat' dir='ltr'>tu</span> <span class='ocrx_word' id='word_1_109' title='bbox 353 2934 392 2969; x_wconf 85' lang='lat' dir='ltr'>nte</span> <span class='ocrx_word' id='word_1_110' title='bbox 412 2912 485 2970; x_wconf 81' lang='lat' dir='ltr'>homo</span> <span class='ocrx_word' id='word_1_111' title='bbox 507 2911 594 2991; x_wconf 78' lang='lat' dir='ltr'>adigis</span> <span class='ocrx_word' id='word_1_112' title='bbox 617 2914 655 2968; x_wconf 82' lang='lat' dir='ltr'>ad</span> <span class='ocrx_word' id='word_1_113' title='bbox 667 2913 739 2988; x_wconf 75' lang='lat' dir='ltr'>infia-</span> 
     </span>
     <span class='ocr_line' id='line_1_20' title="bbox 296 3010 737 3087; baseline 0 -19"><span class='ocrx_word' id='word_1_114' title='bbox 296 3010 367 3068; x_wconf 79' lang='lat' dir='ltr'>niam</span> <span class='ocrx_word' id='word_1_115' title='bbox 384 3020 436 3070; x_wconf 60' lang='lat' dir='ltr'>&amp;a</span> <span class='ocrx_word' id='word_1_116' title='bbox 447 3011 509 3081; x_wconf 87' lang='grc' dir='ltr'>ΙΙΙ,</span> <span class='ocrx_word' id='word_1_117' title='bbox 526 3032 538 3087; x_wconf 84' lang='lat'>3</span> <span class='ocrx_word' id='word_1_118' title='bbox 561 3011 737 3071; x_wconf 84' lang='lat' dir='ltr'>adveniens:</span> 
     </span>
     <span class='ocr_line' id='line_1_21' title="bbox 296 3114 740 3199; baseline 0.011 -26"><span class='ocrx_word' id='word_1_119' title='bbox 296 3117 430 3196; x_wconf 71' lang='lat' dir='ltr'>Disperii!</span> <span class='ocrx_word' id='word_1_120' title='bbox 445 3116 484 3177; x_wconf 85' lang='lat' dir='ltr'>A.</span> <span class='ocrx_word' id='word_1_121' title='bbox 499 3115 557 3189; x_wconf 92' lang='lat' dir='ltr'>IV,</span> <span class='ocrx_word' id='word_1_122' title='bbox 573 3137 585 3175; x_wconf 90' lang='lat'>1</span> <span class='ocrx_word' id='word_1_123' title='bbox 601 3114 740 3199; x_wconf 77' lang='lat' dir='ltr'>ingressus</span> 
     </span>
     <span class='ocr_line' id='line_1_22' title="bbox 296 3219 737 3305; baseline 0.009 -25"><span class='ocrx_word' id='word_1_124' title='bbox 296 3223 361 3280; x_wconf 80' lang='lat' dir='ltr'>Nae</span> <span class='ocrx_word' id='word_1_125' title='bbox 378 3226 487 3305; x_wconf 74' lang='lat' dir='ltr'>egestam</span> <span class='ocrx_word' id='word_1_126' title='bbox 499 3219 593 3300; x_wconf 77' lang='lat' dir='ltr'>infelix</span> <span class='ocrx_word' id='word_1_127' title='bbox 606 3230 658 3282; x_wconf 73' lang='grc' dir='ltr'>διο.</span> <span class='ocrx_word' id='word_1_128' title='bbox 672 3220 737 3297; x_wconf 88' lang='lat' dir='ltr'>IV,</span> 
     </span>
     <span class='ocr_line' id='line_1_23' title="bbox 297 3327 737 3410; baseline 0.009 -26"><span class='ocrx_word' id='word_1_129' title='bbox 297 3337 314 3385; x_wconf 89' lang='lat'>6</span> <span class='ocrx_word' id='word_1_130' title='bbox 328 3327 450 3407; x_wconf 77' lang='lat' dir='ltr'>Descffirs</span> <span class='ocrx_word' id='word_1_131' title='bbox 456 3332 517 3410; x_wconf 78' lang='lat' dir='ltr'>firm</span> <span class='ocrx_word' id='word_1_132' title='bbox 526 3331 592 3390; x_wconf 79' lang='lat' dir='ltr'>amb.</span> <span class='ocrx_word' id='word_1_133' title='bbox 602 3348 640 3402; x_wconf 82' lang='lat' dir='ltr'>att,</span> <span class='ocrx_word' id='word_1_134' title='bbox 651 3331 737 3410; x_wconf 83' lang='lat' dir='ltr'>Syre,</span> 
     </span>
     <span class='ocr_line' id='line_1_24' title="bbox 294 3431 734 3512; baseline 0.011 -28"><span class='ocrx_word' id='word_1_135' title='bbox 294 3442 320 3484; x_wconf 82' lang='lat' dir='ltr'>tc</span> <span class='ocrx_word' id='word_1_136' title='bbox 341 3447 450 3507; x_wconf 82' lang='lat' dir='ltr'>magnus</span> <span class='ocrx_word' id='word_1_137' title='bbox 478 3435 571 3509; x_wconf 81' lang='lat' dir='ltr'>perdat</span> <span class='ocrx_word' id='word_1_138' title='bbox 594 3431 734 3512; x_wconf 78' lang='lat' dir='ltr'>Iuppiter,-</span> 
     </span>
     <span class='ocr_line' id='line_1_25' title="bbox 295 3527 739 3614; baseline 0.016 -25"><span class='ocrx_word' id='word_1_139' title='bbox 295 3527 331 3589; x_wconf 84' lang='lat' dir='ltr'>cf.</span> <span class='ocrx_word' id='word_1_140' title='bbox 347 3529 392 3588; x_wconf 89' lang='lat' dir='ltr'>Sc.</span> <span class='ocrx_word' id='word_1_141' title='bbox 401 3529 442 3614; x_wconf 88' lang='lat' dir='ltr'>sq.</span> <span class='ocrx_word' id='word_1_142' title='bbox 458 3533 498 3592; x_wconf 85' lang='lat' dir='ltr'>H.</span> <span class='ocrx_word' id='word_1_143' title='bbox 511 3532 531 3594; x_wconf 89' lang='lat' dir='ltr'>l.</span> <span class='ocrx_word' id='word_1_144' title='bbox 547 3533 649 3595; x_wconf 88' lang='lat' dir='ltr'>dolote</span> <span class='ocrx_word' id='word_1_145' title='bbox 661 3534 739 3595; x_wconf 82' lang='lat' dir='ltr'>sum-</span> 
     </span>
    </p>
   </div>
   <div class='ocr_carea' id='block_1_13' title="bbox 295 3632 735 3702">
    <p class='ocr_par' dir='ltr' id='par_1_13' title="bbox 295 3632 735 3702">
     <span class='ocr_line' id='line_1_26' title="bbox 295 3632 735 3702; baseline 0.02 -10"><span class='ocrx_word' id='word_1_146' title='bbox 295 3655 345 3692; x_wconf 86' lang='lat' dir='ltr'>mo</span> <span class='ocrx_word' id='word_1_147' title='bbox 371 3632 462 3694; x_wconf 61' lang='lat' dir='ltr'>vitius</span> <span class='ocrx_word' id='word_1_148' title='bbox 492 3632 611 3699; x_wconf 84' lang='lat' dir='ltr'>numina</span> <span class='ocrx_word' id='word_1_149' title='bbox 635 3639 735 3702; x_wconf 76' lang='lat' dir='ltr'>omnia</span> 
     </span>
    </p>
   </div>
   <div class='ocr_carea' id='block_1_14' title="bbox 295 3746 736 3919">
    <p class='ocr_par' dir='ltr' id='par_1_14' title="bbox 295 3746 736 3919">
     <span class='ocr_line' id='line_1_27' title="bbox 295 3746 548 3808; baseline 0.008 -2"><span class='ocrx_word' id='word_1_150' title='bbox 295 3766 393 3807; x_wconf 80' lang='lat' dir='ltr'>movet</span> <span class='ocrx_word' id='word_1_151' title='bbox 407 3766 476 3805; x_wconf 86' lang='lat' dir='ltr'>voce</span> <span class='ocrx_word' id='word_1_152' title='bbox 492 3746 548 3808; x_wconf 84' lang='lat' dir='ltr'>sua.</span> 
     </span>
     <span class='ocr_line' id='line_1_28' title="bbox 337 3845 736 3919; baseline 0.018 -15"><span class='ocrx_word' id='word_1_153' title='bbox 337 3869 352 3904; x_wconf 87' lang='lat'><em>2</em></span> <span class='ocrx_word' id='word_1_154' title='bbox 365 3845 393 3906; x_wconf 91' lang='lat' dir='ltr'>h.</span> <span class='ocrx_word' id='word_1_155' title='bbox 406 3845 426 3907; x_wconf 88' lang='lat'>1.</span> <span class='ocrx_word' id='word_1_156' title='bbox 441 3846 518 3906; x_wconf 87' lang='lat' dir='ltr'>idem</span> <span class='ocrx_word' id='word_1_157' title='bbox 530 3848 587 3919; x_wconf 91' lang='lat' dir='ltr'>cst,</span> <span class='ocrx_word' id='word_1_158' title='bbox 601 3868 634 3908; x_wconf 85' lang='lat' dir='ltr'>ac</span> <span class='ocrx_word' id='word_1_159' title='bbox 652 3855 736 3911; x_wconf 64' lang='lat' dir='ltr'>allum</span> 
     </span>
    </p>
   </div>
   <div class='ocr_carea' id='block_1_15' title="bbox 295 3953 735 4120">
    <p class='ocr_par' dir='ltr' id='par_1_15' title="bbox 295 3953 735 4120">
     <span class='ocr_line' id='line_1_29' title="bbox 296 3953 735 4032; baseline 0.014 -24"><span class='ocrx_word' id='word_1_160' title='bbox 296 3954 367 4032; x_wconf 75' lang='lat' dir='ltr'>estdc</span> <span class='ocrx_word' id='word_1_161' title='bbox 384 3953 534 4032; x_wconf 80' lang='lat' dir='ltr'>Clitiphone.</span> <span class='ocrx_word' id='word_1_162' title='bbox 547 3953 661 4014; x_wconf 76' lang='lat' dir='ltr'>Paratae</span> <span class='ocrx_word' id='word_1_163' title='bbox 669 3955 735 4015; x_wconf 70' lang='lat' dir='ltr'>mitt·</span> 
     </span>
     <span class='ocr_line' id='line_1_30' title="bbox 295 4059 484 4120; baseline 0.032 -6"><span class='ocrx_word' id='word_1_164' title='bbox 295 4059 349 4115; x_wconf 85' lang='lat' dir='ltr'>iam</span> <span class='ocrx_word' id='word_1_165' title='bbox 360 4059 418 4118; x_wconf 82' lang='lat' dir='ltr'>lites</span> <span class='ocrx_word' id='word_1_166' title='bbox 430 4068 484 4120; x_wconf 70' lang='grc' dir='ltr'>διε.</span> 
     </span>
    </p>
   </div>
   <div class='ocr_carea' id='block_1_16' title="bbox 816 2374 1277 3730">
    <p class='ocr_par' dir='ltr' id='par_1_16' title="bbox 821 2374 1277 2674">
     <span class='ocr_line' id='line_1_31' title="bbox 863 2374 1274 2456; baseline 0.01 -19"><span class='ocrx_word' id='word_1_167' title='bbox 863 2396 877 2456; x_wconf 87' lang='lat'>3</span> <span class='ocrx_word' id='word_1_168' title='bbox 893 2374 989 2439; x_wconf 83' lang='lat' dir='ltr'>Antea</span> <span class='ocrx_word' id='word_1_169' title='bbox 1007 2376 1185 2440; x_wconf 80' lang='lat' dir='ltr'>accusaverat</span> <span class='ocrx_word' id='word_1_170' title='bbox 1210 2374 1274 2441; x_wconf 79' lang='lat' dir='ltr'>fra·</span> 
     </span>
     <span class='ocr_line' id='line_1_32' title="bbox 823 2484 1277 2561; baseline 0.002 -13"><span class='ocrx_word' id='word_1_171' title='bbox 823 2506 895 2548; x_wconf 89' lang='lat' dir='ltr'>trem</span> <span class='ocrx_word' id='word_1_172' title='bbox 911 2486 945 2546; x_wconf 86' lang='lat' dir='ltr'>de</span> <span class='ocrx_word' id='word_1_173' title='bbox 965 2507 1024 2546; x_wconf 86' lang='lat' dir='ltr'>uno</span> <span class='ocrx_word' id='word_1_174' title='bbox 1047 2484 1128 2561; x_wconf 87' lang='lat' dir='ltr'>filio,</span> <span class='ocrx_word' id='word_1_175' title='bbox 1155 2489 1217 2549; x_wconf 83' lang='lat' dir='ltr'>iarn</span> <span class='ocrx_word' id='word_1_176' title='bbox 1233 2488 1277 2549; x_wconf 86' lang='lat' dir='ltr'>de</span> 
     </span>
     <span class='ocr_line' id='line_1_33' title="bbox 821 2592 1097 2674; baseline -0.007 -21"><span class='ocrx_word' id='word_1_177' title='bbox 821 2592 958 2653; x_wconf 74' lang='lat' dir='ltr'>ambobus</span> <span class='ocrx_word' id='word_1_178' title='bbox 974 2592 1097 2674; x_wconf 73' lang='lat' dir='ltr'>gravius.</span> 
     </span>
    </p>

    <p class='ocr_par' dir='ltr' id='par_1_17' title="bbox 821 2700 1271 2984">
     <span class='ocr_line' id='line_1_34' title="bbox 863 2700 1271 2781; baseline 0 -21"><span class='ocrx_word' id='word_1_179' title='bbox 863 2705 966 2776; x_wconf 89' lang='lat' dir='ltr'>4Non</span> <span class='ocrx_word' id='word_1_180' title='bbox 991 2718 1048 2760; x_wconf 91' lang='lat' dir='ltr'>tam</span> <span class='ocrx_word' id='word_1_181' title='bbox 1078 2700 1271 2781; x_wconf 83' lang='lat' dir='ltr'>reprehendit</span> 
     </span>
     <span class='ocr_line' id='line_1_35' title="bbox 822 2798 1271 2885; baseline -0.007 -22"><span class='ocrx_word' id='word_1_182' title='bbox 822 2800 990 2863; x_wconf 88' lang='lat' dir='ltr'>irascentem</span> <span class='ocrx_word' id='word_1_183' title='bbox 1003 2846 1012 2874; x_wconf 96' lang='lat'>,</span> <span class='ocrx_word' id='word_1_184' title='bbox 1033 2800 1083 2885; x_wconf 87' lang='lat' dir='ltr'>qui</span> <span class='ocrx_word' id='word_1_185' title='bbox 1097 2798 1168 2860; x_wconf 89' lang='lat' dir='ltr'>iuste</span> <span class='ocrx_word' id='word_1_186' title='bbox 1182 2799 1271 2861; x_wconf 84' lang='lat' dir='ltr'>dole-</span> 
     </span>
     <span class='ocr_line' id='line_1_36' title="bbox 821 2907 1230 2984; baseline 0 -16"><span class='ocrx_word' id='word_1_187' title='bbox 821 2908 884 2984; x_wconf 88' lang='lat' dir='ltr'>bat,</span> <span class='ocrx_word' id='word_1_188' title='bbox 904 2907 952 2969; x_wconf 89' lang='lat' dir='ltr'>scd</span> <span class='ocrx_word' id='word_1_189' title='bbox 969 2909 1145 2968; x_wconf 85' lang='lat' dir='ltr'>nimietatem</span> <span class='ocrx_word' id='word_1_190' title='bbox 1158 2909 1230 2968; x_wconf 88' lang='lat' dir='ltr'>irae.</span> 
     </span>
    </p>

    <p class='ocr_par' dir='ltr' id='par_1_18' title="bbox 816 3008 1271 3730">
     <span class='ocr_line' id='line_1_37' title="bbox 863 3008 1271 3092; baseline -0.005 -20"><span class='ocrx_word' id='word_1_191' title='bbox 863 3035 876 3089; x_wconf 87' lang='lat'><em>5</em></span> <span class='ocrx_word' id='word_1_192' title='bbox 902 3014 1061 3092; x_wconf 82' lang='lat' dir='ltr'>increpitus</span> <span class='ocrx_word' id='word_1_193' title='bbox 1077 3008 1212 3084; x_wconf 86' lang='lat' dir='ltr'>afratre,</span> <span class='ocrx_word' id='word_1_194' title='bbox 1230 3033 1271 3077; x_wconf 85' lang='lat' dir='ltr'>ne</span> 
     </span>
     <span class='ocr_line' id='line_1_38' title="bbox 823 3112 1271 3197; baseline 0.007 -19"><span class='ocrx_word' id='word_1_195' title='bbox 823 3119 950 3178; x_wconf 82' lang='lat' dir='ltr'>videatur</span> <span class='ocrx_word' id='word_1_196' title='bbox 973 3141 1034 3178; x_wconf 91' lang='lat' dir='ltr'>non</span> <span class='ocrx_word' id='word_1_197' title='bbox 1056 3112 1110 3178; x_wconf 80' lang='lat' dir='ltr'>effe</span> <span class='ocrx_word' id='word_1_198' title='bbox 1132 3138 1203 3197; x_wconf 86' lang='lat' dir='ltr'>prae</span> <span class='ocrx_word' id='word_1_199' title='bbox 1222 3121 1271 3181; x_wconf 83' lang='lat' dir='ltr'>ira</span> 
     </span>
     <span class='ocr_line' id='line_1_39' title="bbox 820 3218 1268 3305; baseline -0.002 -21"><span class='ocrx_word' id='word_1_200' title='bbox 820 3225 896 3305; x_wconf 77' lang='lat' dir='ltr'>apud</span> <span class='ocrx_word' id='word_1_201' title='bbox 911 3223 960 3297; x_wconf 90' lang='lat' dir='ltr'>se,</span> <span class='ocrx_word' id='word_1_202' title='bbox 978 3234 1006 3286; x_wconf 74' lang='grc' dir='ltr'>ει</span> <span class='ocrx_word' id='word_1_203' title='bbox 1024 3222 1052 3284; x_wconf 93' lang='lat' dir='ltr'>se</span> <span class='ocrx_word' id='word_1_204' title='bbox 1068 3218 1144 3284; x_wconf 86' lang='lat' dir='ltr'>asuo</span> <span class='ocrx_word' id='word_1_205' title='bbox 1157 3225 1268 3301; x_wconf 72' lang='lat' dir='ltr'>potius</span> 
     </span>
     <span class='ocr_line' id='line_1_40' title="bbox 820 3327 1268 3405; baseline 0.002 -14"><span class='ocrx_word' id='word_1_206' title='bbox 820 3330 904 3405; x_wconf 83' lang='lat' dir='ltr'>filio,</span> <span class='ocrx_word' id='word_1_207' title='bbox 925 3330 1041 3393; x_wconf 85' lang='lat' dir='ltr'>laudato</span> <span class='ocrx_word' id='word_1_208' title='bbox 1064 3327 1116 3390; x_wconf 87' lang='lat' dir='ltr'>illo</span> <span class='ocrx_word' id='word_1_209' title='bbox 1142 3347 1268 3392; x_wconf 86' lang='lat' dir='ltr'>morum</span> 
     </span>
     <span class='ocr_line' id='line_1_41' title="bbox 816 3428 1269 3517; baseline 0.009 -24"><span class='ocrx_word' id='word_1_210' title='bbox 816 3428 1269 3517; x_wconf 82' lang='lat' dir='ltr'>exemplo,deceptumsentiens‚</span> 
     </span>
     <span class='ocr_line' id='line_1_42' title="bbox 820 3539 1270 3613; baseline 0.013 -14"><span class='ocrx_word' id='word_1_211' title='bbox 820 3541 908 3600; x_wconf 87' lang='lat' dir='ltr'>mittit</span> <span class='ocrx_word' id='word_1_212' title='bbox 923 3541 1029 3601; x_wconf 83' lang='lat' dir='ltr'>invitus</span> <span class='ocrx_word' id='word_1_213' title='bbox 1042 3539 1216 3613; x_wconf 65' lang='lat' dir='ltr'>maledieta,</span> <span class='ocrx_word' id='word_1_214' title='bbox 1238 3552 1270 3605; x_wconf 74' lang='grc' dir='ltr'>δι</span> 
     </span>
     <span class='ocr_line' id='line_1_43' title="bbox 816 3643 1271 3730; baseline -0.015 -25"><span class='ocrx_word' id='word_1_215' title='bbox 816 3644 854 3705; x_wconf 89' lang='lat' dir='ltr'>ad</span> <span class='ocrx_word' id='word_1_216' title='bbox 863 3646 988 3705; x_wconf 79' lang='lat' dir='ltr'>rationes</span> <span class='ocrx_word' id='word_1_217' title='bbox 997 3665 1059 3704; x_wconf 85' lang='lat' dir='ltr'>cum</span> <span class='ocrx_word' id='word_1_218' title='bbox 1069 3643 1154 3704; x_wconf 83' lang='lat' dir='ltr'>fratre</span> <span class='ocrx_word' id='word_1_219' title='bbox 1165 3645 1271 3730; x_wconf 77' lang='lat' dir='ltr'>dispu.</span> 
     </span>
    </p>
   </div>
   <div class='ocr_carea' id='block_1_17' title="bbox 817 3746 1272 3922">
    <p class='ocr_par' dir='ltr' id='par_1_19' title="bbox 817 3746 1272 3922">
     <span class='ocr_line' id='line_1_44' title="bbox 818 3746 1270 3819; baseline -0.007 -8"><span class='ocrx_word' id='word_1_220' title='bbox 818 3751 915 3813; x_wconf 80' lang='lat' dir='ltr'>tardas</span> <span class='ocrx_word' id='word_1_221' title='bbox 928 3750 1021 3810; x_wconf 78' lang='lat' dir='ltr'>transit</span> <span class='ocrx_word' id='word_1_222' title='bbox 1031 3750 1112 3809; x_wconf 87' lang='lat' dir='ltr'>tacite</span> <span class='ocrx_word' id='word_1_223' title='bbox 1121 3746 1270 3819; x_wconf 61' lang='lat' dir='ltr'>fremenc,</span> 
     </span>
     <span class='ocr_line' id='line_1_45' title="bbox 817 3846 1272 3922; baseline 0.02 -15"><span class='ocrx_word' id='word_1_224' title='bbox 817 3848 878 3909; x_wconf 78' lang='lat' dir='ltr'>Iam</span> <span class='ocrx_word' id='word_1_225' title='bbox 898 3848 960 3906; x_wconf 87' lang='lat' dir='ltr'>iure</span> <span class='ocrx_word' id='word_1_226' title='bbox 976 3846 1026 3905; x_wconf 90' lang='lat' dir='ltr'>suo</span> <span class='ocrx_word' id='word_1_227' title='bbox 1043 3847 1141 3905; x_wconf 85' lang='lat' dir='ltr'>nititur</span> <span class='ocrx_word' id='word_1_228' title='bbox 1156 3867 1272 3922; x_wconf 77' lang='lat' dir='ltr'>contra</span> 
     </span>
    </p>
   </div>
   <div class='ocr_carea' id='block_1_18' title="bbox 808 3949 1271 4042">
    <p class='ocr_par' dir='ltr' id='par_1_20' title="bbox 808 3949 1271 4042">
     <span class='ocr_line' id='line_1_46' title="bbox 808 3949 1271 4042; baseline 0.009 -31"><span class='ocrx_word' id='word_1_229' title='bbox 808 3949 947 4026; x_wconf 85' lang='lat' dir='ltr'>·fratrem;</span> <span class='ocrx_word' id='word_1_230' title='bbox 962 3950 1010 4009; x_wconf 88' lang='lat' dir='ltr'>hic</span> <span class='ocrx_word' id='word_1_231' title='bbox 1032 3952 1185 4034; x_wconf 83' lang='lat' dir='ltr'>aequitatis</span> <span class='ocrx_word' id='word_1_232' title='bbox 1206 3981 1271 4042; x_wconf 67' lang='lat' dir='ltr'>pa.</span> 
     </span>
    </p>
   </div>
   <div class='ocr_carea' id='block_1_19' title="bbox 817 4055 1019 4140">
    <p class='ocr_par' dir='ltr' id='par_1_21' title="bbox 817 4055 1019 4140">
     <span class='ocr_line' id='line_1_47' title="bbox 817 4055 1019 4140; baseline 0 -23"><span class='ocrx_word' id='word_1_233' title='bbox 817 4074 934 4129; x_wconf 62' lang='lat' dir='ltr'>nonum</span> <span class='ocrx_word' id='word_1_234' title='bbox 950 4055 1019 4140; x_wconf 75' lang='lat' dir='ltr'>agit.</span> 
     </span>
    </p>
   </div>
   <div class='ocr_carea' id='block_1_20' title="bbox 0 0 1410 5234">
    <p class='ocr_par' dir='ltr' id='par_1_22' title="bbox 0 0 1410 5234">
     <span class='ocr_line' id='line_1_48' title="bbox 0 0 1410 5234; baseline 0 0"><span class='ocrx_word' id='word_1_235' title='bbox 0 0 1410 5234; x_wconf 95' lang='lat' dir='ltr'> </span> 
     </span>
    </p>
   </div>
  </div>
 </body>
</html>
