2809 5234
234 778 370 892 em·
493 768 980 907 mummii
1101 881 1107 887 ¹

236 964 284 1037 P.
301 957 413 1048 Aliis,
429 957 512 1056 quia
534 914 736 1056 ἀεῆῐιφιόἀ
751 972 892 1044 amant,
907 976 1008 1051 aegre
1024 949 1073 1026 est
1094 952 1225 1048 :tibi,‘

434 1099 517 1195 quia
536 1097 714 1196 superest,
740 1096 838 1169 dolet
859 1109 890 1169 ¹.
1169 1108 1221 1172 td

236 1223 370 1298 ‘Amore
397 1224 583 1313 abundas,
605 1223 772 1319 Antipho.

238 1379 328 1451 Nam
343 1394 403 1448 tua
422 1374 564 1472 quidem
578 1374 695 1446 hercle
712 1397 805 1445 certe
822 1373 897 1447 vita
912 1372 998 1448 haec
1015 1373 1215 1471 expetenda

438 1496 662 1591 optandaque
688 1492 748 1567 est.

148 1662 154 1685 ¹
238 1648 289 1718 lta
305 1667 361 1715 me
380 1640 429 1713 dii
443 1640 531 1711 bene
553 1656 672 1710 ament
690 1655 722 1709 ²:
743 1656 783 1711 ut
804 1641 890 1713 mihi
910 1641 1013 1716 liceat
1034 1662 1106 1717 tam
1127 1643 1214 1735 diu‚'

437 1760 534 1860 quod
555 1784 664 1849 amo,
691 1757 784 1849 frui,

239 1907 311 1978 lem
340 1897 510 1999 depecisci
535 1917 652 1973 morte
688 1897 794 1996 cupio
816 1916 840 1972 ⁵.
882 1917 922 1972 tu
954 1900 1122 1974 coniicito
1151 1926 1216 1977 ce·

441 2039 516 2093 tera
532 2040 548 2083 ⁴
563 2073 576 2109 ,

240 2154 339 2249 Quid
365 2179 432 2253 ego
449 2181 492 2228 ex
510 2155 574 2230 hac
593 2155 712 2254 inopia
727 2181 820 2231 nnnc
832 2154 989 2253 capiam,
1009 2158 1147 2256 etquid
1168 2178 1215 2236 tu

405 2346 407 2350 Α
438 2305 481 2352 ex
507 2278 588 2353 istac
608 2282 731 2378 copia:
1164 2310 1209 2385 ¹5

239 2419 292 2505 Ut
314 2443 358 2494 ne
385 2418 535 2507 addam,
551 2420 648 2518 quod
673 2419 742 2495 fine
759 2411 898 2520 sumpto
914 2423 1148 2523 ,ingenuam,
1164 2425 1228 2509 li-j

436 2541 620 2616 beralems
646 2547 764 2623 nadus
784 2572 849 2623 es:
938 2602 943 2611 -

286 2842 299 2881 1
319 2821 468 2895 Phaedria,
485 2845 519 2883 ex
538 2824 564 2885 se
580 2823 687 2911 suaque
769 2847 830 2889 tum
846 2847 876 2890 tu
889 2832 946 2917 iam
959 2834 1073 2913 cepisti,
1085 2834 1120 2893 ad
1130 2854 1212 2892 mor·

241 2924 361 2988 libidine
382 2931 539 2992 coniiciens
565 2938 685 3008 consta,
768 2938 803 2994 tis
812 2938 1212 3013 conditionem,duriffimam

241 3035 339 3095 irridet
350 3035 461 3097 timido.
474 3035 622 3097 Affimulat
632 3060 683 3097 ve·
768 3059 860 3114 certe,
875 3042 1014 3124 depecisci
1030 3043 1127 3106 velim.
1150 3047 1212 3106 Sed

242 3166 276 3203 10
306 3167 436 3206 amorem
458 3149 600 3228 appetitui
624 3150 683 3206 sto-

242 3251 344 3313 machi.
371 3251 527 3313 Stomacho
541 3271 624 3334 aegre
643 3253 683 3310 est

242 3382 276 3420 ex
294 3358 367 3421 fame
377 3406 385 3434 ,
403 3381 488 3445 quam
505 3355 584 3417 nulla
598 3357 684 3436 copia

242 3465 430 3529 relevamine
460 3463 605 3527 abundans
636 3481 684 3520 co·

242 3573 292 3650 pia
320 3569 569 3630 &immoderatus
594 3563 683 3626 dolet.

241 3671 301 3733 Hic
333 3670 361 3730 se
389 3693 422 3730 ex
449 3674 551 3755 inopia
573 3670 681 3732 amoris

241 3776 435 3841 infeliciorem
456 3781 609 3862 praedicat.

285 3881 396 3941 elurat
420 3880 592 3958 necessario,
619 3886 686 3968 quia

245 3989 324 4073 quod
348 3988 473 4047 didimus
495 3993 552 4063 est,
575 3991 689 4051 nonnisi

245 4099 279 4158 de
295 4116 421 4157 amatore
435 4141 443 4167 ‚
458 4094 549 4177 qualis
565 4095 626 4177 ipse
636 4098 686 4170 est,

242 4204 321 4264 credi
341 4200 434 4282 poffit.

288 4330 301 4383 3
317 4308 437 4368 Amoris
452 4306 586 4384 frustum,
596 4329 684 4394 quan·

764 3149 917 3211 meliorem
932 3172 1058 3213 mentem
1068 3155 1211 3234 prodide-

764 3271 808 3312 rat
830 3257 889 3314 iam
912 3254 1064 3336 Antipho,
1084 3258 1128 3316 cui
1150 3279 1211 3315 vo·

765 3355 861 3435 luptas
883 3377 942 3418 erat
968 3380 984 3417 e
1002 3358 1212 3422 consuetudine

766 3461 876 3520 uxoria.

807 3588 826 3638 4
844 3562 913 3625 Scil.
928 3546 1069 3648 quaedam
1089 3565 1151 3646 ipse
1169 3570 1210 3629 fi-

765 3667 890 3754 gnificat,
901 3692 997 3730 meum
1004 3669 1211 3751 infortunium,

765 3777 897 3863 measque
911 3800 946 3838 ex
963 3802 998 3839 eo
1013 3799 1092 3840 curas
1100 3825 1109 3854 ‚
1118 3799 1212 3842 tuam-

770 3906 825 3970 que
845 3882 998 3946 fortunam.

814 4013 828 4068 5
854 3992 883 4053 h.
906 4014 931 4052 e.
956 3994 1063 4068 civem,
1089 4014 1212 4080 eamque

770 4097 897 4171 bonam,
922 4096 1035 4182 qualem
1058 4099 1136 4158 decet
1155 4098 1212 4162 effe

766 4204 941 4284 ingenuam,
956 4202 1094 4288 bonisque
1107 4226 1211 4271 ortam.

767 4307 889 4389 Singula
911 4330 994 4383 veto,
1016 4319 1044 4371 &
1064 4311 1131 4370 dein
1160 4314 1213 4373 da-
