2809 5234
287 803 359 893 248
554 806 593 882 P.
641 803 1033 881 TERENTII

284 975 331 1044 D.
346 970 435 1044 Nam
451 991 566 1067 neque
580 969 796 1068 neglegentia
812 987 893 1061 tua,
913 993 1027 1068 neque
1048 966 1134 1053 odio
1152 968 1191 1042 id
1205 969 1263 1045 fe·-¹

456 1092 521 1164 *cit
535 1111 599 1164 tuo
621 1109 647 1165 ¹.

283 1237 496 1312 Vinolentus
515 1256 528 1287 ²
548 1235 619 1311 fere
645 1236 771 1312 abhinc
792 1261 902 1311 annos
919 1235 1116 1337 quindecim
1134 1254 1144 1298 ³
1172 1258 1259 1313 uun·>

482 1360 661 1435 lierculam

280 1517 366 1588 Eam
384 1510 579 1610 compreffit
597 1529 635 1601 4,
655 1509 749 1582 unde
765 1508 850 1581 haec
863 1525 943 1580 nata
956 1505 1028 1580 est:
1045 1528 1158 1606 neque
1173 1503 1256 1600 post

475 1632 532 1705 illa
546 1655 700 1730 unquam
719 1629 833 1727 attigit
853 1648 879 1702 τ.

277 1784 328 1857 Ea
340 1799 490 1855 mortem
502 1783 591 1856 obiit
607 1784 642 1857 ‘2
658 1809 677 1856 e
691 1781 808 1856 medio
821 1779 926 1871 abiit,
946 1780 1007 1878 qui
1021 1779 1061 1853 fit
1081 1780 1116 1852 in
1131 1805 1168 1851 re
1182 1779 1254 1852 hac

468 1906 647 2007 scrupulus
663 1930 691 1983 ⁷.

1200 1929 1252 1999 30

278 2051 396 2144 Quam
410 2052 458 2124 ob
470 2078 544 2127 rem
556 2072 592 2128 te
610 2080 700 2146 oro,
721 2075 760 2128 ut
770 2055 836 2127 alia
845 2051 930 2126 fana
942 2068 1002 2124 tua
1014 2049 1091 2122 sunt
1098 2104 1112 2139 ,
1129 2075 1254 2147 aequo

473 2168 590 2242 animo
616 2172 683 2243 hoc
704 2169 792 2242 feras
808 2172 835 2241 ⁸.

275 2313 324 2387 N.
344 2311 439 2406 Quid
459 2336 525 2411 ego
540 2336 654 2410 aequo
667 2312 810 2388 animo?
830 2313 937 2414 cupio
953 2311 1098 2406 misera,
1122 2311 1158 2386 in
1181 2312 1252 2392 hac

416 2445 421 2452 '
470 2457 507 2506 re
520 2434 588 2504 iam
600 2433 782 2535 defungier
798 2448 825 2513 ⁹.

271 2574 340 2649 Sed
362 2573 422 2670 qui
445 2572 601 2671 sperem,
622 2599 734 2655 aetate
755 2607 865 2681 porro
884 2583 992 2658 minu‘
1016 2601 1246 2682 peccaturum

469 2717 591 2794 putem
611 2702 629 2772 i

266 2935 388 3018 palmam
408 2936 490 2996 dicere
510 2939 604 3001 iocum.

313 3045 639 3108 inemendationem
650 3073 713 3111 mu·

271 3154 314 3213 nit
333 3156 505 3227 rationibus,
517 3179 535 3214 a
547 3179 555 3231 i
569 3157 602 3215 ab
612 3160 711 3216 animo

269 3257 345 3318 haud
361 3261 394 3319 ab
416 3280 503 3319 uxore
520 3258 626 3318 alieno.
652 3262 710 3319 Tua

268 3371 297 3424 δι
316 3384 360 3424 tuo
374 3366 475 3425 dicitur
490 3385 545 3444 pro
558 3365 615 3435 tui,·
627 3366 667 3421 uti
677 3365 709 3422 iu

267 3462 322 3529 illo
339 3472 416 3550 σαψ
433 3493 498 3529 mea.

310 3597 325 3633 2
341 3573 384 3653 b)
399 3575 432 3633 ab
446 3575 657 3656 imprudentia,
672 3573 708 3636 εἰ

229 3663 231 3668 “
265 3673 708 3759 Ad.11[,5,24persuafit--

267 3803 367 3844 viuum.

308 3908 321 3967 3
354 3886 389 3967 c)
412 3885 447 3947 ab
466 3905 557 3949 aetate
579 3888 710 3950 nondum

264 3985 351 4053 suuis.

304 4100 427 4178 4d)a
453 4099 645 4162 diminutione
680 4111 708 4162 &

268 4223 416 4266 contemtu
426 4206 576 4283 Lemniae,
586 4212 714 4273 duumu-

262 4305 397 4372 Herculum
415 4314 558 4375 nominat.

841 2963 855 3020 5
875 2944 945 3023 e)a
962 2944 1143 3024 poenitentia
1162 2944 1243 3006 funii.

841 3063 856 3112 6
866 3051 907 3133 f)
928 3053 962 3113 ab
976 3072 1089 3125 eventu,
1098 3055 1175 3137 quod
1188 3053 1246 3115 illa

794 3178 907 3218 mortua
932 3160 982 3218 est.

834 3283 851 3330 7
878 3260 1060 3340 Coniunge:
1075 3255 1245 3338 scrupulus,

792 3365 837 3444 qui
843 3366 879 3441 fit
894 3364 922 3420 in
939 3364 987 3418 huc
1008 3384 1054 3432 re,
1072 3360 1091 3418 s.
1108 3359 1166 3417 fieri
1190 3358 1244 3415 so-

791 3467 855 3541 let,
875 3465 895 3526 s.
917 3466 1030 3536 obstat,
1055 3486 1114 3549 quo
1142 3467 1243 3528 minus

792 3592 912 3657 peccato
927 3568 1099 3654 ignoscatur.

834 3681 849 3735 8
867 3674 1017 3736 Blantfitur
1028 3672 1141 3733 tandem
1155 3666 1240 3731 femi-

793 3803 856 3857 nae,
867 3779 1064 3863 confugiendo
1072 3779 1107 3839 ad
1120 3779 1180 3837 eius
1193 3800 1241 3837 ae-

793 3891 1020 3973 quanimitatein.

831 4016 849 4064 9
871 3994 890 4052 s.
913 3991 1235 4067 definere‚sci1.illum.

791 4101 880 4180 Spem
898 4102 986 4180 igitur
999 4101 1064 4161 facit
1079 4103 1197 4174 veniae,
1214 4101 1233 4160 fi

793 4208 826 4267 in
852 4204 904 4265 hac
930 4229 960 4266 re
978 4208 1065 4269 finem
1081 4208 1163 4272 faciat
1172 4253 1181 4282 ‚
1202 4226 1233 4268 ut

792 4308 851 4371 Ad.
873 4331 900 4372 v.
922 4329 993 4374 extr.
