2809 5234
270 832 341 927 276
506 821 990 945 ‚urauaurtt

269 993 342 1066 Nec
365 988 544 1089 quidquam
569 985 673 1084 magis
695 1010 781 1056 nunc
799 1000 930 1068 metuo,
948 1007 1046 1080 quam
1061 1006 1101 1055 ne
1113 982 1228 1056 denuo

269 1112 370 1188 Miser
392 1111 504 1207 aliquo
531 1111 686 1182 extrudar
711 1109 812 1200 hinc,
835 1132 877 1181 ne
900 1107 1055 1179 accedam
1081 1106 1121 1199 ad
1144 1107 1229 1180 Bac·

435 1235 577 1310 chidem.
1205 1257 1222 1329 ς

268 1364 317 1437 Ut
330 1377 362 1435 te
386 1358 522 1460 quidem
545 1378 664 1430 omnes
685 1353 754 1446 dii,
778 1353 946 1451 deaeque,
969 1374 1128 1452 quantum
1153 1354 1200 1429 ell
1213 1411 1227 1446 ,

435 1485 546 1581 Syre,

266 1609 430 1681 Commo
450 1604 553 1671 isthoc
572 1594 884 1694 invento‚'cumque
904 1600 1037 1698 incepto
1051 1603 1225 1699 perduint:

267 1720 466 1803 Huiusmodi
488 1742 540 1789 res
562 1715 690 1810 semper
713 1721 987 1810 comminiscere,

268 1846 336 1924 Ubi
358 1870 412 1917 me
432 1836 653 1918 excarnifices.
679 1843 715 1908 S.
736 1837 798 1910 itu
821 1841 897 1915 hinc
917 1870 988 1939 quo
1001 1847 1117 1945 dignus
1135 1872 1169 1921 es
1187 1864 1197 1898 ¹
1214 1876 1224 1920 ε

265 1972 379 2062 Quam
393 1992 496 2066 paene
510 1984 564 2036 tua
580 1987 634 2034 me
648 1961 790 2056 perdidit
805 1965 1023 2057 protervitas!
1184 1998 1228 2046 to

270 2097 304 2166 C.
322 2094 452 2165 Vellem
474 2088 582 2162 hercle
603 2085 752 2159 sacrun:
775 2086 819 2159 ita
832 2089 977 2163 meritus.
999 2096 1037 2160 S.
1060 2091 1225 2166 meritus?

441 2239 511 2312 quo
535 2213 664 2286 modo?

266 2342 339 2415 Nae
364 2366 418 2413 me
445 2338 524 2412 illuc
545 2362 586 2409 ex
607 2355 640 2410 te
665 2335 756 2433 prius
776 2333 932 2409 audlville
950 2337 1104 2434 gaudee,

269 2467 383 2557 Qnam
404 2485 573 2559 argentum
597 2461 753 2546 haberes,
766 2459 859 2558 quod
876 2457 1011 2532 daturus
1024 2459 1086 2531 iam
1104 2459 1164 2537 fui.

271 2591 307 2659 C.
332 2587 424 2677 Quid
442 2585 541 2682 igitur
562 2584 668 2657 dicam
689 2579 839 2657 tibivisi
860 2581 964 2654 abiisti
981 2594 1017 2666 ²,
1035 2583 1115 2655 mihi

268 2709 421 2783 Amicam
441 2709 601 2796 adduxti,
618 2733 717 2803 quam
740 2733 808 2780 non
830 2707 931 2779 'liceat
953 2725 1095 2805 tangere.
1184 2734 1223 2808 15

269 2839 309 2902 S.
330 2836 395 2903 lam
416 2856 483 2903 non
502 2830 567 2902 lum
590 2830 712 2903 iratust
728 2832 783 2904 sed
804 2831 948 2904 sciu'ubi
962 2855 1048 2902 nunc
1063 2830 1099 2902 sit
1118 2831 1176 2905 tibi

267 2954 345 3029 Tua
369 2954 528 3030 Bacchis?
559 2957 593 3025 C.
614 2953 701 3050 apud
726 2979 797 3028 nos.
820 2960 857 3026 S.
875 2978 953 3026 non.
973 2957 1008 3026 C.
1031 2954 1088 3026 ubi
1114 2958 1223 3053 ergo?

439 3086 476 3150 S.
500 3077 587 3175 apud
609 3075 763 3147 Cliniam.

269 3208 304 3280 C.
329 3201 435 3278 Perii!
459 3210 495 3274 S.
522 3202 613 3271 bono
630 3198 743 3271 animo
761 3223 814 3274 es:
829 3200 893 3273 iam
905 3223 1075 3299 argentum
1094 3200 1226 3274 adeam

438 3324 591 3407 deferes,

268 3450 375 3543 Quod
391 3450 422 3522 ei
435 3475 470 3522 es
485 3445 662 3546 pollicitus.
678 3451 713 3521 C.
725 3447 834 3546 garris.
846 3449 955 3521 unde?
969 3456 1007 3520 S.
1021 3466 1109 3522 amo
1121 3475 1224 3550 patre.

272 3575 311 3642 C.
330 3572 428 3645 ludis
450 3570 580 3644 forcalle
602 3598 666 3646 me.
685 3579 723 3644 S.
742 3570 808 3670 ipsa
830 3596 865 3644 re
889 3573 1092 3669 experibere.
1178 3601 1225 3650 20

272 3694 309 3767 C.
322 3694 394 3766 Nae
411 3719 473 3793 ego
486 3694 672 3770 fortunatus
685 3696 791 3770 homo
805 3693 897 3771 lunt!
918 3697 1037 3772 deamo
1050 3718 1105 3788 te,
1119 3701 1212 3799 Syre.

313 3924 326 3966 1
344 3904 427 3965 Ludit
444 3924 506 3965 cum
523 3908 600 3969 irato.
776 3907 921 3991 fingendo:
941 3908 1007 3991 quid
1020 3909 1102 3990 igitur
1115 3909 1164 3967 tibi
1180 3910 1224 3966 uis

310 4019 329 4060 2
345 3998 380 4060 cl.
396 3997 459 4059 All.
478 3999 510 4071 l,
527 4025 553 4073 2,
569 4024 612 4077 ¹7·
629 4001 718 4065 Bentl.
775 4007 889 4063 dicam?
908 4006 955 4062 adi
976 4005 985 4061 ι’
1010 4005 1074 4063 milri
1098 4025 1201 4062 manum
1211 4047 1222 4076 ,

268 4111 375 4170 praeter
385 4115 441 4154 rem
453 4095 718 4158 contracoddnn-
776 4096 805 4158 h.
819 4097 925 4177 equod
941 4099 1005 4156 mihi
1021 4097 1130 4157 daturus
1145 4117 1222 4169 eras,

270 4205 318 4247 nes
333 4190 364 4252 dc
376 4211 427 4269 pro
438 4193 545 4272 ingenio
560 4191 606 4250 suo
623 4193 719 4271 ingerit
776 4190 863 4253 subito
881 4189 1021 4253 retraxisti.

269 4277 416 4344 dillioucut
429 4284 597 4356 Plautinum,
611 4281 648 4344 stc
669 4305 717 4344 re-

400 4740 405 4748 n

147 4688 338 4806 ‘¹
376 4790 380 4797 ι

537 4884 540 4892 ι
