2809 5234
1028 963 1792 1041 PHORMIQ
2244 986 2376 1066 ¹51

448 1128 657 1227 'Quae
686 1149 913 1229 neque
958 1127 1065 1200 uti
1104 1126 1418 1199 devitem
1449 1181 1472 1218 ,
1515 1125 1658 1201 scio
1684 1181 1709 1218 ‚
1750 1150 1979 1226 neque
2016 1126 2386 1227 quomodo

829 1279 940 1326 me
996 1253 1158 1324 inde
1214 1251 1598 1324 extraham.

451 1378 637 1450 Nam
675 1401 822 1450 non
864 1373 1085 1473 potest
1121 1375 1330 1447 celari
1362 1373 1593 1449 nostra
1625 1362 1882 1450 diutius
1914 1375 2051 1448 iam
2084 1375 2390 1452 audacia.

454 1505 548 1575 A.
592 1503 946 1595 Quidnam
992 1503 1109 1574 ille
1152 1520 1550 1575 commotus
1600 1503 1852 1578 venit?
2128 1500 2133 1507 ’
2351 1525 2381 1601 5

468 1624 558 1695 G.
605 1623 786 1695 Tum
822 1677 845 1714 ,
898 1622 1230 1719 temporis
1288 1623 1621 1718 punQum
1673 1621 1847 1696 mihi
1901 1623 1993 1697 ad
2024 1622 2202 1697 hanc
2242 1608 2395 1734 ren'f

845 1740 939 1818 est
983 1766 1000 1811 t
1044 1741 1254 1814 herus
1310 1739 1516 1815 adest.

454 1858 556 1937 Ἀ.
609 1863 804 1955 Quid
844 1861 1015 1934 istuc
1067 1863 1229 1934 mali
1270 1860 1423 1934 est·¹
1455 1865 1490 1934 ⁴?

468 1991 557 2061 G.
620 1988 840 2082 Quod
884 2013 1041 2079 cum
1083 1986 1378 2060 audierit
1416 2004 1440 2035 ²
1472 2042 1495 2077 ‚
1559 1987 1755 2086 quod
1807 1986 1953 2062 eius
2012 1985 2394 2060 remedium

855 2111 1207 2186 inveniam
1238 2114 1637 2186 iracundiae
1671 2115 1706 2182 ’ἓ

456 2238 827 2336 Loquarne
863 2238 898 2308 ’ἓ
947 2238 1365 2325 incendam3
1426 2237 1742 2310 taceam?
1811 2233 2162 2332 instigem3
2224 2255 2393 2331 pur-

836 2385 992 2459 gem
1047 2364 1211 2435 me?
1254 2363 1541 2434 laterem
1589 2360 1817 2433 lavem
1861 2375 1908 2432 Ξ.

457 2481 658 2554 Eheu
702 2506 812 2555 me
851 2481 1216 2557 miserum!
1272 2510 1430 2557 cum
1466 2458 1653 2556 mifii'
1676 2506 1906 2580 paveo
1936 2522 1969 2571 ,x
2004 2498 2155 2551 tum
2187 2498 2219 2543 4
2245 2479 2397 2550 Anz-

855 2605 1061 2700 tipho
1136 2632 1248 2679 me
1320 2607 1672 2682 excruciat
1727 2605 1998 2677 animi:
2309 2623 2398 2673 ιο

465 2725 631 2801 Eius
672 2750 785 2798 me
828 2724 1101 2799 miseret
1135 2755 1152 2798 :
1184 2727 1248 2799 ei
1286 2753 1471 2800 nunc
1530 2727 1795 2800 timeo:
1831 2727 1889 2798 is
1925 2749 2110 2798 nunc
2147 2747 2259 2797 me
2282 2748 2396 2798 re-

844 2850 1041 2924 tinet.
1093 2876 1254 2924 nam
1302 2849 1559 2949 absque
1602 2876 1692 2923 eo

466 2970 677 3064 Effet,
698 2971 881 3044 refle
911 2991 1190 3070 egomet
1215 2972 1381 3045 mihi
1412 2972 1730 3046 vidiffem
1767 2993 1821 3064 τ,
1841 2990 1910 3045 et
1933 2968 2106 3043 senis
2140 2970 2168 3013 ⁶
2194 2967 2401 3043 effem

841 3100 1028 3174 ultus
1069 3100 1499 3174 iracundiam
1537 3125 1556 3171 ε

471 3408 672 3468 Tantae
713 3410 775 3467 in
819 3426 874 3467 re
911 3408 1202 3489 impendent
1231 3410 1345 3471 rui-
1513 3410 1611 3492 qui
1659 3410 1900 3492 proprie
1958 3407 2038 3467 est
2095 3405 2165 3465 ad
2219 3399 2403 3464 solem

464 3532 579 3569 nae.
625 3511 821 3596 Itaque
844 3530 895 3572 te
918 3510 1101 3574 casum
1130 3512 1347 3574 sextum
1515 3511 1773 3586 ficcatuS,
1819 3511 1839 3592 (
1873 3513 2069 3571 coftus
2105 3508 2264 3567 enim
2303 3506 2399 3566 di-

466 3614 692 3676 habeas.
1510 3621 1657 3679 citur
1687 3621 1847 3702 testa)
1878 3620 2013 3678 dum
2056 3615 2309 3687 lavatur,
2334 3616 2400 3674 in

555 3739 578 3775 1
621 3719 719 3776 Sic
753 3718 893 3779 Ant.
932 3743 1069 3800 prae
1099 3725 1307 3783 timore
1327 3769 1344 3797 ‚
1510 3722 1697 3784 lutum
1728 3723 2048 3784 resolvitur.

470 3840 613 3891 non,
638 3819 788 3902 quasi
845 3821 960 3879 iam
1009 3819 1244 3882 audisset
1281 3827 1351 3885 de
1597 3850 1635 3901 4
1681 3829 1812 3886 Tum
1839 3824 1973 3906 plus
2007 3825 2200 3899 sonat,
2230 3847 2401 3906 quam

467 3927 715 3987 adventu
756 3929 933 4006 patris
960 3973 978 4001 ‚
1031 3914 1190 4012 quo⁸d
1230 3931 1361 3990 Do·
1526 3953 1661 3991 cum.
1695 3930 1856 3989 Hinc
1904 3931 2186 4011 approbat
2220 3930 2404 3988 maxi·-

471 4055 634 4096 natus
677 4053 856 4115 putat.
985 4079 992 4088 .
1518 4057 1611 4096 me
1639 4035 1808 4097 fidem
1839 4036 1992 4098 suam
2025 4034 2400 4116 Antiphoni,

551 4161 582 4197 2
626 4139 765 4200 scil.
791 4139 959 4201 herus
986 4140 1026 4202 s.
1049 4140 1234 4203 senex.
1526 4164 1697 4225 quem
1720 4143 1859 4204 haec
1883 4148 2077 4206 audite
2103 4142 2279 4204 nescit
2293 4141 2404 4204 set·

554 4267 581 4323 3
639 4246 1031 4308 proverbium.
1089 4246 1357 4309 Graeco-
1522 4246 1647 4309 vusss
1844 4234 1848 4238 ¹

471 4373 599 4412 rum
635 4358 868 4416 πλινθικ
909 4372 1161 4432 raonem
1195 4358 1353 4417 idem
1605 4378 1632 4433 5
1672 4357 1730 4417 h.
1764 4377 1816 4416 e.
1846 4348 2236 4437 providissem.

469 4458 550 4520 σι’(
566 4503 585 4533 ,
607 4478 671 4520 ac
694 4478 897 4542 operam
901 4463 1131 4545 perdere.
1152 4459 1347 4538 Later,
1595 4474 1637 4535 b,
1690 4457 1915 4527 Odiose
1933 4459 2028 4614 Rc
2066 4459 2267 4523 herum
2297 4456 2395 4523 di.

2043 4565 2093 4632 4
