2809 5234
211 815 282 913 384
404 810 990 891 sunueurnos.

207 983 297 1062 item,
316 999 383 1066 quo
405 975 451 1063 sq.
474 975 603 1046 versum
620 972 845 1045 conciliemus.
863 972 900 1042 in
915 972 979 1040 hoc
999 974 1098 1043 enirn
1116 974 1209 1048 hee⁴

208 1088 282 1137 rent
303 1066 396 1137 Don.
416 1074 449 1135 tc
467 1069 508 1136 ab
523 1093 565 1137 eo
588 1091 705 1138 omnes
726 1071 865 1157 interpp.
881 1089 991 1153 neque
1011 1068 1207 1156 quisquam

207 1162 411 1231 Criticorum
426 1162 576 1241 invenit,
595 1158 765 1248 quomodo
779 1158 860 1226 hane
874 1180 1005 1227 crucem
1023 1157 1206 1252 effugiat,

206 1270 265 1321 aut
284 1249 490 1342 Babylonem
512 1252 609 1321 iilum
630 1255 778 1322 retinent.
802 1249 916 1341 Quare
943 1246 1079 1338 Guyet.
1108 1253 1205 1324 duos

206 1340 318 1414 versus
335 1352 412 1412 16&
430 1367 469 1434 ¹7
481 1366 540 1431 pro
554 1366 646 1413 more
656 1341 720 1412 ¹suo
735 1343 916 1433 expungit3
931 1337 1127 1411 Boecierus
1143 1343 1206 1414 so·

204 1435 279 1505 lum
300 1457 330 1505 u.
354 1460 404 1528 17.
425 1433 491 1504 Sed
510 1459 626 1504 omnes
644 1433 754 1523 scripti
777 1433 922 1511 habent,
948 1438 981 1500 δι
1003 1434 1080 1520 ipse
1101 1432 1206 1506 Don.

208 1530 267 1616 qui
277 1575 287 1608 ,
299 1527 321 1595 l.
331 1526 479 1616 quisquis
492 1526 550 1596 iile
561 1526 614 1601 sit,
625 1525 709 1595 adeo
723 1529 871 1594 incertus
883 1521 969 1592 esth.
980 1520 1002 1589 1.
1013 1527 1207 1615 interpres,

207 1637 247 1691 ut
265 1617 391 1688 nii'niii
418 1641 523 1709 nugas
544 1617 692 1699 vendat,
717 1639 798 1705 quas
823 1618 1032 1703 aliorumque
1062 1615 1210 1693 somnio

207 1713 382 1780 mittimus.
396 1707 511 1778 Bentl.
524 1708 660 1799 quidem
673 1705 850 1777 formulam
865 1715 926 1773 iube
940 1734 1013 1773 nunc
1024 1715 1101 1790 iam,
1115 1730 1208 1782 tam.

208 1826 309 1891 quam
325 1804 365 1870 ab
382 1800 556 1870 insultante
576 1799 710 1870 Demea
726 1797 856 1869 seorsim
867 1798 987 1867 didium
1000 1847 1013 1881 ,
1026 1822 1071 1869 ex
1081 1800 1204 1875 Plaut.

207 1891 345 1962 Mostei.
360 1891 425 1975 111,
443 1877 537 1982 1,'70
550 1891 709 1962 defendit.
722 1890 850 1962 Verum
864 1914 903 1958 ea
913 1891 944 1958 h.
963 1890 984 1957 1.
993 1914 1114 1982 neque
1125 1895 1207 1966 sen·

208 1984 283 2069 sui,
306 2008 414 2076 neque
433 2002 541 2054 metro
563 2010 582 2054 a
606 2005 648 2054 ta.
669 1983 814 2054 Dixerat
833 1983 911 2051 haec
934 1986 1052 2051 omnia
1068 1982 1204 2073 senex,

209 2095 385 2165 antequem
402 2073 520 2166 Syrum
535 2011 641 2164 ipsium
656 2076 759 2146 iubet.
775 2073 979 2144 Aeschinum
994 2099 1080 2145 vero
1094 2083 1206 2150 etiam

208 2168 312 2238 serius
326 2189 423 2260 rogat
438 2191 447 2239 :
462 2176 531 2255 quid
542 2193 573 2234 ru
586 2177 658 2236 ais?
677 2166 820 2238 Nemini
834 2169 938 2257 igitur
953 2167 1068 2237 dicere
1083 2177 1204 2257 potuit

150 2263 152 2267 ’
208 2269 291 2341 iube;
313 2260 414 2349 idque
431 2283 630 2348 quocunque
655 2257 796 2339 reseras,
817 2260 929 2346 inepte
957 2258 1005 2326 fit.
1026 2258 1204 2333 Ceterum

209 2352 252 2422 ad
266 2380 298 2424 v.
313 2375 354 2446 17
365 2349 392 2421 F
394 2374 480 2420 aern.
490 2370 583 2420 notat
599 2359 752 2422 :Bembino
765 2356 835 2416 libro
850 2358 895 2416 iic
904 2356 1018 2434 finienti
1025 2359 1205 2442 piurofolia

213 2455 246 2511 de
282 2454 351 2510 iuni.
436 2499 442 2507 .

240 2453 312 2606 fisis.
327 2541 440 2624 pistae.
451 2533 504 2602 Sic
519 2532 603 2601 lunt.
614 2530 696 2601 Ald.
712 2531 798 2601 &R.
812 2532 923 2621 Steph.
936 2526 1075 2601 dedere.
1086 2533 1202 2629 Vulg.

209 2625 329 2716 legunt
339 2633 423 2707 illos,
434 2634 466 2694 δι
479 2628 704 2694 traiediionem
716 2645 852 2694 tuentur
864 2650 906 2694 ex
915 2623 999 2692 Hec.
1011 2622 1078 2707 lv,
1088 2653 1132 2713 4,
1145 2637 1202 2715 64.

210 2714 1201 2878 113ἕῇ11.011111ῐέ1111·Ξὲίῃῒῑῖῗὲυέξῐῖΐμῑῑ·

209 2909 274 2968 duci
285 2930 334 2989 per
354 2911 447 2980 emm,
465 2925 550 2988 quae
569 2899 637 2987 ipsa
657 2920 727 2967 erat
748 2899 852 2968 scena.

258 2994 314 3061 iin.
331 2994 361 3062 8.
387 3002 433 3060 ubi
457 3002 491 3058 is.
514 2991 620 3082 Vuig.
640 2998 687 3056 ubi
712 2998 738 3056 is
761 2998 819 3079 est,
840 3016 859 3060 e
885 3014 952 3078 quo
976 3012 1058 3058 curn
1075 2994 1197 3062 redun-

212 3084 271 3152 det
291 3084 427 3166 versus,
450 3085 532 3159 aiii,
557 3106 595 3153 ut
612 3081 792 3167 Dacieria,
817 3093 863 3150 ubi
880 3090 922 3170 est.
944 3081 1068 3169 Atque
1092 3087 1203 3156 dictu·

211 3200 285 3242 rum
306 3175 399 3244 fuisse
430 3174 595 3243 credimus
623 3176 753 3261 plenius
776 3175 883 3249 iliud,
904 3173 962 3242 nisi
986 3172 1061 3260 ipso
1083 3175 1202 3248 statim

211 3265 282 3339 viso
295 3271 400 3335 oratio
414 3266 571 3337 mutanda
588 3264 637 3333 fit.
659 3265 746 3333 iliud
761 3273 795 3352 est
809 3270 913 3357 igitur
928 3291 945 3332 a
961 3264 1067 3356 glossa
1082 3267 1202 3339 fuerit.

259 3383 333 3449 pag.
362 3379 433 3444 ¹13·
453 3357 511 3424 lin.
534 3356 563 3425 8.
578 3365 715 3423 omittitis.
740 3356 801 3424 Al.
829 3376 957 3445 praeter
976 3355 1139 3444 personas
1160 3383 1198 3432 et

215 3469 359 3519 metrum
381 3471 496 3515 omittas.

260 3564 334 3632 pag.
362 3563 435 3629 115.
459 3539 515 3606 lin.
540 3562 567 3605 1.
596 3537 643 3606 D.
673 3526 766 3603 meiito
786 3563 832 3604 tuo
850 3562 877 3605 te
897 3568 967 3605 amo.
990 3539 1099 3631 Quod
1137 3544 1197 3612 alii

214 3631 389 3702 Aeschino
410 3653 545 3717 quoque
562 3631 733 3706 tribuunt,
752 3654 812 3699 nos
831 3657 906 3699 cum
927 3629 969 3698 R.
988 3629 1105 3720 Steph.
1123 3633 1201 3704 De·

158 3786 168 3799 ,
217 3719 582 3810 meae3addimusque
616 3747 691 3791 cum
725 3721 837 3794 Bentl.
871 3724 1045 3811 ruo,quod
1084 3727 1146 3794 vul
1175 3752 1199 3795 o

215 3812 329 3895 abest,
349 3833 384 3882 et
408 3808 430 3880 α’
453 3833 561 3881 metro
590 3814 741 3900 poscitur.
773 3816 812 3886 in
846 3817 966 3885 ceteris
1001 3753 1202 3895 ordinandis

215 3904 329 3980 Bentl.
350 3903 471 3974 absone
492 3903 606 3973 facita
628 3906 784 3993 personis.

265 3999 320 4068 lin.
345 4022 374 4066 2.
398 4003 509 4081 confice.
531 3995 637 4088 Vulg.
655 4008 760 4084 confit;
781 3998 868 4068 unde
892 4022 1007 4087 parum
1036 3997 1120 4068 scite
1141 4005 1199 4070 in·

217 4112 323 4182 terpp.
343 4091 443 4162 verba
468 4088 546 4154 haec
574 4092 608 4155 in
629 4093 740 4158 medio
760 4089 918 4159 sermonis
938 4090 1052 4158 ardore
1079 4091 1199 4164 secum

102 4185 104 4188 ’
220 4208 255 4256 et
276 4181 423 4255 aversum
441 4177 553 4246 dixisse
567 4181 694 4249 volunt.
714 4181 837 4270 Neque
856 4183 911 4250 alii
934 4181 1137 4253 subveniunt
1161 4191 1199 4255 in

219 4277 363 4356 melius,
382 4278 440 4363 qui
456 4270 580 4338 faciunt
598 4280 649 4336 iot
672 4301 731 4338 cum
749 4281 786 4358 fit
814 4305 839 4361 q.
859 4305 887 4340 ν.
900 4272 978 4342 Nos
994 4299 1076 4344 vero
1091 4277 1197 4345 credi·

220 4392 315 4455 mus,
340 4366 390 4451 his
408 4364 517 4452 verbis
539 4360 710 4435 Demeam
733 4389 868 4438 exorare
890 4366 1046 4452 fratrem,
1061 4388 1101 4440 ut
1115 4392 1199 4444 con·
