2809 5234
282 825 354 924 382
504 825 600 902 iu
651 825 1080 902 internos.

329 1011 405 1078 pag.
418 993 461 1080 96
472 987 529 1057 lin.
549 1010 578 1079 3·
597 995 679 1059 ilicet
693 985 746 1057 Sic
761 985 848 1058 cod.
866 985 981 1056 Bemb.
997 985 1088 1060 Serv.
1104 988 1150 1059 ad
1163 988 1277 1081 Virg.

280 1079 370 1149 Aen.
380 1081 423 1162 ll,
437 1106 514 1170 424.
530 1083 650 1170 quibus
661 1076 693 1150 se
708 1103 881 1171 opponens
894 1102 1032 1171 magnus
1049 1081 1112 1150 ille
1132 1106 1276 1157 correc-

277 1190 332 1240 tor
345 1174 400 1242 vel
411 1194 581 1263 corruptor
595 1171 767 1242 Bentleiue
779 1192 977 1262 propugnat,
985 1174 1075 1260 quod
1090 1174 1155 1242 alii
1172 1199 1277 1245 meu·

278 1262 358 1332 dose
382 1264 502 1334 habent
522 1285 717 1354 praeterque
736 1260 862 1333 sensum
872 1269 987 1348 scilicet.
1012 1262 1147 1353 Neque
1173 1271 1273 1337 enim

278 1361 455 1426 convenire
474 1366 567 1439 ilt'ctr,
592 1356 681 1446 quod
701 1354 901 1444 desperantia
920 1354 975 1432 sit,
999 1358 1032 1423 iu
1056 1359 1275 1429 Micionem.

279 1447 335 1521 At
351 1448 520 1519 audiamus
544 1447 718 1517 Donatum
744 1448 785 1515 ad
804 1447 863 1516 Ph.
889 1444 924 1529 l,
939 1472 982 1533 4,
1001 1471 1041 1540 3²
1056 1455 1143 1516 Ilicet
1157 1453 1278 1544 sempe?

274 1542 360 1627 flotam
377 1550 569 1632 reifigttficat.
584 1539 675 1608 Hinc
690 1538 786 1629 saepe
804 1544 836 1608 in
850 1561 885 1606 re
900 1540 1065 1627 desperata
1079 1541 1225 1611 dicitur.

239 1758 241 1763 -
280 1638 466 1794 ..llll
478 1630 1167 1811 &illidii-‘ilidiililii}
1185 1639 1273 1798 330⁵.ss

326 1817 404 1885 ibid.
419 1825 541 1884 tollebas.
566 1814 682 1884 Faern.
698 1815 783 1884 haud
799 1816 883 1884 bene
899 1818 1063 1897 coniecit,
1079 1823 1114 1883 δι
1132 1817 1275 1890 Dacic-

279 1909 327 1974 ria
351 1915 476 1997 recepit
496 1916 652 1989 tolerabas,
666 1907 757 1995 quod
780 1907 900 1976 dicitur
922 1907 963 1975 de
985 1904 1122 1976 adultis.
1144 1911 1272 1982 Adul-

277 2017 353 2067 tum
373 2000 578 2069 Aeschinum
600 2006 734 2066 tolerabat
759 1998 782 2067 s
801 2000 909 2069 alebat
932 1999 1053 2066 Micio.
1166 2046 1172 2055 -

325 2091 382 2159 lin.
396 2116 421 2177 4
433 2103 563 2160 rationem
577 2115 635 2158 ant.
648 2100 699 2159 ini.
715 2090 834 2183 Vulgo
842 2099 973 2158 rationem
987 2115 1046 2156 ant.
1064 2098 1166 2157 obtinet
1181 2092 1214 2162 F
1215 2096 1271 2164 al-

279 2180 351 2251 sum
368 2183 441 2254 sane
452 2184 482 2253 h.
497 2185 518 2254 l.
535 2184 690 2260 verbum,
705 2184 796 2273 quod
810 2183 937 2253 versum
951 2183 1061 2264 afficit,
1076 2183 1169 2252 idern
1181 2187 1272 2258 dicit

278 2299 316 2344 ec
341 2281 491 2360 conserva,
514 2284 546 2345 ta
573 2299 652 2344 mort
677 2274 855 2343 iniucunde
878 2278 1059 2361 repetitum
1079 2275 1180 2344 foret.
1204 2277 1270 2348 ln·

279 2365 410 2458 gestum
435 2395 514 2439 vero
528 2367 678 2449 aliunde,
692 2365 781 2454 quod
803 2375 945 2454 antiquum
958 2373 1075 2432 obtinete
1087 2366 1270 2440 Terentio

277 2466 501 2528 communiter
525 2459 649 2528 dietum
681 2455 729 2525 srt.
754 2456 819 2526 Sed
841 2459 950 2526 Micio
969 2456 998 2524 h.
1022 2457 1045 2524 l.
1068 2461 1167 2529 iubet
1185 2461 1270 2532 De·

278 2573 388 2618 meam
400 2553 503 2621 redire
515 2553 554 2619 ad
569 2553 737 2638 antiquam
748 2554 908 2619 rationem
921 2550 961 2618 de
972 2549 1104 2619 duobus
1115 2553 1271 2632 alendis,

281 2665 422 2729 eamque
445 2645 588 2724 servare,
619 2667 693 2718 cum
722 2643 799 2711 inde
823 2645 863 2709 ab
892 2642 1071 2730 adoptione
1102 2667 1193 2714 unus
1223 2673 1268 2718 ex

280 2735 352 2801 eius
367 2758 442 2802 cura
467 2735 629 2804 trarisrlset.
656 2733 753 2802 Male
769 2733 905 2823 proinde
920 2735 977 2802 alii
987 2744 1015 2805 i·
1029 2738 1164 2818 conserva
1180 2764 1266 2805 con-

280 2827 459 2895 iunxerunt
478 2827 546 2916 sqq.
567 2826 661 2918 Quid
680 2829 769 2894 enim
789 2823 830 2894 stc
848 2826 1012 2895 interesset
1027 2830 1116 2894 inter
1132 2835 1265 2914 conserta

279 2923 314 2984 bt
330 2946 419 3006 parce.
443 2919 643 3011 Quaerenda
658 2942 737 2988 vero
757 2922 846 3006 prius
865 2917 955 3000 sunt3
980 2941 1065 3006 quae
1085 2942 1264 3006 parcantur

279 3007 304 3076 s
322 3009 561 3082 conserventur.

326 3102 384 3169 lin.
400 3111 430 3171 6.
446 3113 543 3171 obtine.
560 3100 657 3172 Male
674 3099 784 3171 Bentl.
802 3099 834 3167 id
849 3100 878 3168 h.
895 3100 915 3168 l.
934 3104 1113 3188 expunxit,
1126 3106 1221 3194 quod
1235 3135 1268 3178 v.

280 3198 325 3260 26
339 3198 570 3284 corrigendum
586 3214 667 3274 erat,
680 3201 712 3260 le
725 3193 866 3262 subdens
876 3201 926 3259 tibi
937 3192 1041 3282 (quod
1053 3193 1101 3261 est
1113 3221 1132 3263 a
1142 3198 1266 3289 glossa)

280 3308 323 3353 ex
347 3285 412 3355 suis
433 3288 509 3356 Mis.
532 3287 593 3354 hoc
614 3285 713 3354 trahit
732 3288 771 3353 ad
789 3293 934 3371 relinquas.

280 3432 282 3437 .
327 3403 399 3470 pag.
423 3403 475 3469 99.
492 3381 548 3448 lin.
573 3384 603 3445 6.
620 3377 669 3446 lta
681 3374 773 3445 Dori.
788 3375 852 3444 Sed
869 3377 984 3444 Bemb.
1009 3375 1108 3447 habet
1129 3408 1203 3467 quat
1217 3410 1266 3471 ego

282 3473 360 3555 inesse
384 3477 442 3537 illis
460 3500 490 3539 ν.
503 3472 644 3559 Ale-ego
658 3479 687 3535 itt
702 3474 761 3535 illis
774 3473 822 3553 effe
836 3470 858 3533 l.
873 3474 921 3554 effe
935 3476 964 3532 in
983 3473 1041 3533 illis
1055 3477 1118 3538 dcc.
1255 3543 1259 3551 ,

326 3587 402 3652 pag.
422 3587 494 3630 100.
512 3566 568 3630 lin.
590 3585 632 3628 11.
641 3565 815 3645 subvortant.
834 3559 909 3627 Alii
930 3559 1049 3650 legunt
1062 3565 1222 3647 fitboorrat.

331 3658 388 3724 lin.
412 3678 424 3720 ι
454 3679 580 3743 .tettpus
598 3660 640 3740 est.
661 3651 765 3744 Vulg.
786 3674 914 3739 praeter
929 3671 1070 3720 metrum
1084 3659 1154 3742 fert.
1177 3656 1263 3726 No-

282 3747 383 3821 strum
405 3676 452 3815 ed
468 3772 510 3816 ex
528 3745 648 3814 Heaut.
664 3743 734 3825 lli,
750 3768 764 3838 5
781 3793 790 3823 ,
809 3767 859 3837 54.
877 3742 962 3813 Hec.
979 3743 1045 3825 lV,
1064 3773 1103 3827 ι,
1124 3772 1177 3814 21.
1199 3757 1264 3818 &e

327 3842 384 3909 lin.
408 3859 457 3929 15.
484 3845 651 3926 comprimo
672 3842 745 3903 lucu.
768 3834 820 3904 Sic
836 3835 929 3904 Don.
949 3835 1065 3905 Bemb.
1081 3838 1265 3929 nostraque

175 3994 181 4011 .
282 3955 381 4007 vetus
404 3939 464 3999 ἃς.
491 3935 540 4000 uti
564 3940 660 4009 nollit,
682 3937 756 4010 dio,
778 3934 810 3996 δε
827 3928 910 3995 illud
926 3955 975 4016 ap.
993 3927 1086 3997 Varr.
1103 3932 1145 3999 de
1161 3932 1202 4000 L.
1221 3934 1263 4002 L.

281 4027 351 4106 lV,
377 4047 417 4114 19
442 4044 522 4092 extr.
539 4032 617 4088 nolio
637 4028 700 4087 locu
722 4020 751 4087 h.
779 4046 806 4088 e.
832 4022 975 4090 interdiu
997 4028 1028 4088 bc
1050 4025 1160 4090 nodtu.
1193 4023 1264 4095 Sed

284 4117 395 4188 Bentl.
411 4120 570 4184 incertum
600 4117 707 4202 magis
723 4112 868 4181 rescribit
881 4118 957 4193 [κείς
976 4112 1065 4203 quod
1086 4111 1196 4182 Gron.
1221 4117 1264 4186 ad

283 4209 391 4279 Plaut.
403 4229 517 4278 tuetur
531 4205 637 4276 casm.
652 4204 715 4286 IV,
730 4231 760 4280 2,
773 4228 803 4296 7.
817 4205 924 4273 Merc.
937 4205 985 4286 ll,
1004 4230 1033 4287 r,
1052 4229 1109 4294 313
1124 4206 1264 4279 Cistell.

284 4299 333 4383 ll,
359 4327 370 4367 r
387 4351 397 4384 ,
412 4327 465 4392 49.
490 4299 668 4368 Pautiores
686 4298 804 4386 legunt
819 4325 878 4364 oum
891 4307 980 4386 prima
994 4305 1060 4364 loce.
1077 4295 1143 4366 Sed
1160 4325 1264 4388 porro

285 4389 410 4484 legitur
424 4393 615 4487 vulgo-ibo
632 4399 704 4459 blot.
716 4389 770 4460 M.
783 4398 863 4458 immo
876 4399 908 4457 de
919 4419 946 4460 n.
964 4418 987 4457 t.
1000 4386 1148 4463 Faernus
1159 4418 1265 4480 vero,
