2809 5234
295 598 310 599 ἶ
1418 624 1425 635 Ι
2362 616 2403 641 h

373 905 513 979 280

889 903 962 972 Ρ.
1054 886 1822 969 TERENTtt

368 1069 547 1139 Inter
598 1088 722 1137 nos
759 1061 920 1156 quid
964 1058 1038 1128 fit
1081 1054 1321 1127 dietum
1372 1049 1454 1120 de
1489 1047 1774 1138 finliaeia,

364 1204 462 1273 Ut
509 1227 583 1271 ea
627 1200 731 1268 via
768 1195 880 1263 abs
921 1210 985 1262 te
1017 1209 1358 1285 argentum
1406 1186 1808 1259 auferretur?
1857 1191 1954 1260 M.
1981 1185 2138 1260 scio·

370 1343 438 1409 C.
483 1339 573 1404 Ea
610 1353 713 1402 res
754 1350 928 1402 nunc
970 1326 1184 1426 agitur
1234 1323 1392 1422 ipsa.
1434 1328 1532 1398 M.
1575 1322 1735 1424 quid
1772 1350 2034 1416 narras,
2068 1323 2283 1396 Chre-

698 1451 931 1524 mv?

2193 1468 2280 1520 10

357 1582 573 1650 Immo
618 1575 782 1651 haec
828 1572 1141 1674 quidem,
1179 1595 1345 1671 quae
1381 1572 1559 1668 apud
1603 1598 1711 1645 uie
1760 1572 1852 1647 est
1878 1625 1901 1662 ,
1950 1568 2281 1668 Clitipho-

696 1699 797 1774 nis
838 1696 934 1772 est

357 1838 598 1913 Amica
624 1891 646 1928 ‚
682 1836 772 1913 ita
805 1835 1005 1911 aiunt.
1045 1837 1117 1908 C.
1145 1850 1211 1908 et
1244 1853 1319 1908 tu
1346 1833 1596 1907 credis?
1640 1839 1741 1905 M.
1788 1834 2034 1907 omnia.

360 1977 436 2046 C.
465 1972 754 2046 Erillum
789 1971 970 2045 aiunt
1002 1983 1030 2018 ²
1067 1969 1242 2046 velle
1266 1992 1550 2045 uxorem
1569 2023 1592 2061 ,
1617 1989 1718 2056 ut,
1743 1993 1895 2041 cum
1931 1984 1956 2033 3
1989 1967 2275 2064 despon-

692 2094 864 2171 deris
887 2146 912 2183 ,

354 2228 499 2304 Des
522 2228 636 2329 qui
666 2252 899 2302 aurum
919 2283 941 2320 ,
967 2250 1044 2302 ac
1068 2226 1359 2318 vestem,
1396 2247 1465 2302 et
1498 2221 1659 2317 alia,
1682 2245 1850 2322 quae
1882 2245 2054 2320 opus
2082 2222 2263 2310 sunt,

685 2369 1049 2450 comparet.

347 2607 500 2648 mum
524 2633 541 2660 ‚
564 2583 673 2665 ipse
694 2584 875 2644 tardus
908 2585 963 2644 in
993 2585 1096 2646 hac
1128 2606 1203 2645 re.

1367 2584 1443 2666 ss.
1472 2601 1673 2669 quarata
1697 2583 1794 2665 spe
1819 2583 2006 2642 decidi.
2046 2581 2167 2642 Scit.
2188 2603 2259 2641 ex

434 2696 457 2736 ι
518 2677 748 2736 Miratur
768 2722 785 2748 ,
826 2696 1018 2757 putans
1057 2677 1244 2738 Chre·
1363 2675 1774 2759 glossematibus
1801 2698 1992 2738 eorum
2012 2724 2031 2747 ‚
2052 2680 2141 2758 qui
2164 2700 2267 2757 pn-

345 2789 552 2833 metem
593 2792 768 2832 errare
794 2771 902 2853 (ὃς
924 2790 1063 2831 errat
1088 2771 1242 2855 sane)
1360 2789 1543 2832 terunt
1564 2818 1585 2844 ,
1611 2774 1721 2834 iam
1754 2774 1843 2832 hic
1872 2773 2266 2832 Menedemum

340 2888 409 2928 ac
442 2865 620 2925 statim
654 2889 711 2928 v.
753 2888 812 2927 ιι
856 2867 1080 2949 regerit,
1102 2888 1244 2948 quae
1366 2865 1559 2928 cedere
1589 2913 1610 2942 ,
1650 2889 1685 2927 a
1720 2865 1774 2928 se
1810 2885 2045 2928 erramm
2068 2913 2087 2937 ,
2121 2868 2262 2927 male

339 2959 696 3023 Chremetem
760 2965 955 3021 erroris
1002 2962 1236 3021 convin-

339 3070 485 3112 cant.
518 3051 698 3112 Falsus
715 3051 819 3114 scil.
843 3051 1110 3114 Chremes
1127 3049 1202 3111 est
1218 3073 1237 3125 ;

218 3148 230 3161 ’
334 3145 429 3207 sed
458 3148 519 3207 &
545 3150 592 3207 is
610 3190 631 3216 ‚
650 3167 751 3226 pro
773 3146 903 3227 Syri
921 3146 1051 3205 dolo
1069 3191 1091 3217 ,
1110 3143 1233 3204 Me·

332 3240 633 3302 nedemum
659 3241 715 3298 in
739 3259 980 3298 errorem
998 3235 1231 3297 inducet.

334 3337 520 3417 Atque
545 3339 599 3397 hi
628 3357 834 3398 errores
868 3333 1052 3394 senum
1089 3332 1234 3393 fece-

332 3449 428 3500 re,
459 3447 516 3489 ut
538 3430 667 3488 libb.
691 3428 873 3510 scripti
903 3427 1015 3490 fere
1037 3448 1233 3489 ornnes

332 3539 543 3601 praeter
571 3522 902 3583 Bembinum
921 3568 941 3594 ,
968 3525 1030 3583 ὃ(
1060 3522 1231 3595 editi,
1265 3598 1280 3613 .

333 3613 560 3690 perinde
580 3632 638 3673 ut
664 3635 699 3673 a
722 3615 914 3677 Bemb.
942 3615 1113 3697 magis
1141 3637 1226 3676 re·

326 3700 574 3772 cedunt,
618 3707 891 3767 erroribus
945 3707 1230 3768 conflffla-

328 3809 550 3864 rentur,
587 3813 724 3870 quos
771 3800 1050 3861 mittimus.
1104 3798 1229 3859 Nos

324 3904 456 3943 curn
515 3883 707 3946 Faern.
749 3886 925 3950 Bentl.
971 3891 1226 3964 Millero,

324 3973 662 4035 Bembinum
696 3973 1001 4056 sequimur3
1047 3980 1108 4042 δι
1146 3978 1222 4041 fic

235 4085 248 4099 ·
324 4064 534 4127 edimus
562 4065 672 4127 hoc
707 4067 861 4129 versu
879 4087 1083 4145 ‘narras
1115 4092 1222 4151 pro

322 4161 504 4238 dixti,
525 4162 677 4245 quod
706 4163 793 4225 alii
830 4163 1049 4226 habent.
1077 4166 1227 4228 Dein

201 4288 210 4297 -
324 4257 621 4318 omittimus
638 4306 655 4335 ,
682 4281 819 4340 quae
850 4262 932 4321 alii
957 4262 1080 4322 huic
1101 4285 1223 4323 ver-

328 4343 405 4406 sui
423 4349 654 4415 subdunt
678 4357 897 4420 Erravi.
911 4363 993 4440 fic
1007 4381 1087 4419 res
1109 4362 1224 4418 aaa

1358 2959 1746 3020 consarcinata.
1782 2959 1936 3020 Alius
1969 2961 2262 3040 adscripse-

1360 3067 1443 3111 rat
1479 3053 1647 3111 erravi
1669 3077 1693 3128 ,·
1726 3053 1857 3113 alius
1876 3099 1896 3126 ,
1919 3057 1999 3134 fic
2035 3056 2148 3114 hela
2176 3078 2258 3113 res

1353 3146 1422 3225 est
1434 3168 1459 3219 ‚·
1479 3146 1609 3206 alius
1625 3144 1847 3208 tandem
1869 3170 1937 3208 ex
1955 3148 2080 3209 Act.
2102 3149 2150 3209 ll
2169 3149 2259 3207 ad-

1354 3237 1489 3296 didit
1509 3282 1532 3311 ,
1568 3257 1775 3318 quanta
1796 3242 1894 3322 spe
1928 3243 2033 3301 dec.
2060 3241 2256 3304 Bemb.

1352 3354 1492 3394 vero
1512 3335 1646 3396 haec
1677 3356 1789 3394 non
1813 3336 1992 3395 habet.

1437 3451 1470 3489 2
1519 3428 1657 3491 Chr.
1704 3429 1879 3488 reddit
1923 3428 2048 3488 illud
2100 3430 2257 3490 aium

1354 3518 1694 3582 Menedemo
1711 3564 1732 3590 ,
1768 3522 1852 3579 cui
1878 3538 2025 3579 tanta
2056 3520 2119 3580 stt
2136 3544 2254 3581 cre-

1349 3613 1540 3674 dulitas
1556 3659 1576 3687 ,
1598 3630 1657 3675 ut
1677 3613 1728 3675 ei
1751 3631 1868 3674 rem
1897 3613 2108 3693 penitus
2121 3633 2257 3693 ape·
2384 3686 2396 3698 ι

1352 3724 1469 3771 rtat.

1437 3818 1465 3880 3
1502 3797 1593 3860 Sic
1623 3799 1819 3860 Bemb.
1862 3798 2046 3863 Ceteri
2074 3798 2257 3878 scripti

1346 3891 1552 3954 habent
1580 3893 1962 3976 &spond-erim,
1983 3893 2134 3974 quod
2156 3894 2252 3953 de-

1344 3982 1422 4041 dit
1457 3982 1632 4047 Bentl.
1675 3985 1783 4046 Sed
1811 3987 1874 4047 &
1894 4003 2046 4066 pater
2072 3982 2249 4044 filium

1343 4072 1688 4153 despondere
1723 4080 1915 4139 dicitur
1960 4075 2138 4137 Andr.
2177 4074 2249 4149 1,

1356 4189 1379 4228 r
1409 4216 1429 4244 ,
1462 4190 1558 4250 75.
1590 4171 1909 4254 Plerumque
1937 4173 2064 4233 alias
2095 4187 2248 4251 pater

1344 4261 1510 4324 filiam
1571 4265 1870 4347 despondet
1889 4313 1908 4343 ‚
1955 4268 2032 4328 uti
2090 4263 2247 4346 supra

1345 4358 1433 4420 1v
1450 4404 1471 4437 ,
1502 4380 1524 4420 r
1546 4405 1566 4433 ,
1591 4379 1654 4442 31
1684 4365 1747 4426 δι
1778 4362 1870 4443 36.
