2809 5234
1042 935 1665 1011 ANDn1m
1921 873 2032 915 ”
2250 939 2341 1013 ω

303 1132 310 1137 ·
410 1088 513 1178 M.
551 1103 670 1179 Dii
709 1121 777 1178 te
813 1103 1165 1178 eradicent.
1217 1100 1305 1173 ita
1350 1126 1459 1172 me
1499 1099 1800 1171 miseram
1846 1098 2127 1175 territas.

410 1232 514 1303 D.
560 1230 722 1302 Tibi
777 1254 912 1327 ego
970 1231 1173 1313 dico,
1223 1251 1305 1297 an
1350 1231 1537 1297 non?
1581 1228 1683 1296 M.
1723 1225 1889 1323 quid
1932 1225 2082 1300 vis?
2130 1232 2232 1302 D.
2277 1255 2346 1306 at

751 1356 950 1426 etiam
1000 1357 1254 1450 rogas?

367 1552 376 1565 ,
408 1477 604 1550 Cedo
628 1526 651 1564 ‚
682 1479 905 1553 cuium
954 1475 1382 1575 puerum‘hic
1423 1471 1819 1570 apposuisti,
1849 1472 1958 1547 dic
1988 1474 2175 1552 mihi.
2319 1551 2322 1555 ,

409 1609 513 1679 Μ.
557 1607 669 1683 Tu
708 1602 968 1679 nescis?
1032 1604 1139 1675 D.
1189 1599 1374 1672 mitte
1425 1599 1537 1688 id,
1586 1599 1774 1695 quod
1841 1597 1978 1670 scio
2042 1616 2062 1649 ¹
2105 1627 2124 1674 ε
2177 1603 2338 1697 die,

751 1728 956 1828 quod,
991 1751 1189 1830 roge.
2036 1768 2049 1779 ·
2253 1750 2336 1827 25

411 1857 512 1928 M.
548 1866 578 1900 ²
621 1851 859 1926 Vestri.
887 1856 989 1923 D.
1017 1852 1200 1925 cuius
1230 1847 1477 1922 vestri?
1506 1851 1606 1920 M.
1634 1849 1979 1946 Pamphili.
2009 1851 2112 1926 D.
2137 1852 2286 1924 hem
2316 1905 2343 1945 ,

745 1977 946 2076 quid,
979 1973 1306 2070 Pamphili
1342 1973 1423 2046 3?
1818 1974 1822 1978 ’

263 2180 271 2197 f
337 2069 349 2080 ι
407 2106 510 2174 M.
557 2102 745 2193 Eho,
786 2127 1014 2175 annon
1061 2099 1193 2175 est?
1264 2103 1337 2172 C.
1371 2098 1544 2170 reeie
1587 2121 1716 2194 ego
1753 2097 2013 2196 semper
2049 2098 2185 2199 fugi
2224 2102 2341 2177 has

747 2227 1024 2323 nuptias.

211 2337 380 2463 ,ἵῖ
395 2351 604 2435 5120
642 2349 899 2423 facinus
937 2343 1636 2423 animadvertendum!
1675 2351 1776 2418 M.
1802 2346 1963 2446 quid
1990 2347 2338 2423 clamitas?

203 2714 308 2765 110

412 2476 516 2546 D.
545 2477 770 2566 Quem
798 2499 880 2545 ne
907 2498 1035 2570 ego
1062 2474 1205 2545 heri
1230 2473 1373 2546 vidi
1402 2474 1486 2544 ad
1520 2496 1646 2545 vos
1672 2471 1916 2546 adferri
1943 2471 2201 2570 vesperi
2234 2475 2317 2549 ⁴?

401 2603 511 2701 df.
560 2602 631 2668 Ο
662 2595 1005 2670 hominem
1034 2592 1386 2670 audacem!
1436 2601 1541 2670 D.
1567 2622 1842 2688 verum,
1870 2596 2016 2672 vidi
2039 2597 2338 2671 Cantha-

747 2745 886 2791 ram
2240 2746 2335 2820 30

405 2842 903 2919 suffarcinatam
939 2857 990 2915 5.
1032 2846 1135 2918 M.
1174 2842 1327 2916 Diis
1369 2843 1484 2940 pol
1519 2843 1738 2916 habeo
1786 2845 2062 2944 gratim,

403 2969 581 3063 Cum
636 2971 705 3042 in
758 2952 1377 3067 pariundo‘aiiquot
1426 2968 1770 3042 adfuerunt
1811 2968 2051 3044 liberae
2085 2971 2137 3044 ⁶.
2222 3002 2233 3014 ·

403 3098 509 3166 D.
580 3097 725 3169 Nae
773 3094 880 3168 illa
925 3093 1111 3167 illum
1166 3093 1340 3166 haud
1399 3092 1646 3185 novit,
1693 3089 1879 3189 euius
1925 3094 2116 3168 causa
2170 3095 2334 3173 haec

740 3218 997 3317 incipit.

404 3343 772 3434 Chremes,
806 3345 854 3416 fi
904 3342 1189 3444 positum
1232 3368 1513 3441 puerum
1559 3359 1709 3416 ante
1759 3341 1950 3415 aedes
1982 3341 2232 3417 viderit
2253 3397 2280 3434 ,

355 3596 374 3619 ·
488 3595 513 3635 1
554 3571 773 3634 lentius
804 3572 869 3634 &
904 3573 1172 3636 submisse.
1417 3569 1596 3632 studet
1653 3568 1934 3631 mulierem
1990 3569 2060 3630 ad
2115 3568 2327 3631 confir·

480 3688 517 3727 2
550 3666 643 3728 Al.
688 3667 881 3746 nostri,·
920 3688 1092 3748 aeque
1119 3667 1299 3740 male,
1418 3664 1623 3725 manda
1651 3710 1671 3736 ,
1733 3683 1875 3744 quae
1944 3663 2063 3725 vult
2131 3666 2326 3730 audire

262 3768 266 3772 ’
400 3776 460 3818 ut
493 3779 655 3820 antea
682 3759 856 3818 vobis.
1419 3758 1799 3843 Chremetem.

475 3868 505 3928 3
543 3849 756 3928 Argute
780 3851 969 3929 repetit
989 3893 1009 3920 ‚
1029 3847 1176 3929 quasi
1205 3870 1302 3929 per
1487 3869 1514 3931 5
1538 3848 1763 3908 Infirmo
1784 3850 1950 3910 utitur
1966 3870 2289 3935 argumento
2305 3899 2327 3928 ,

393 3941 821 4024 indignationem
842 3986 860 4012 ,
895 3963 1098 4002 nomen
1131 3942 1296 4003 Pam·
1416 3942 1455 4003 s.
1487 3942 1667 4023 palam
1702 3948 1960 4008 mentitur
1997 3946 2198 4006 Davus
2214 3992 2235 4018 ‚
2263 3963 2325 4007 ut

394 4036 563 4117 phili,
583 4034 735 4116 quod
766 4034 958 4094 lentius
975 4038 1297 4114 pronuntia·
1413 4057 1524 4096 non
1543 4055 1656 4097 tam
1681 4037 1847 4100 fidem
1870 4034 2081 4121 Myndi
2102 4039 2324 4126 demat,
2408 4110 2415 4121 ι

305 4204 316 4217 ·
395 4147 551 4191 verat
576 4127 774 4211 Myfis.
808 4128 1009 4189 Metuit
1028 4133 1173 4189 enim
1188 4175 1207 4206 ,
1227 4151 1296 4191 ne
1411 4146 1579 4212 quam
1601 4134 1762 4193 addat
1779 4136 1925 4215 apud
1945 4133 2323 4200 Chremetem.
2424 4140 2429 4146 ’

391 4248 506 4288 non
553 4226 822 4287 audiverit
856 4223 1033 4290 senex.
1476 4223 1514 4284 6
1533 4224 1716 4286 Servis
1733 4231 1880 4287 enim
1898 4247 2009 4287 non
2032 4241 2147 4286 erat
2176 4224 2324 4287 testie

466 4347 505 4398 4
551 4319 895 4384 Commento
941 4322 1050 4382 hoc
1093 4319 1147 4383 se
1183 4320 1292 4404 ipse
1409 4322 1587 4382 monii
1624 4323 1787 4382 diekio
1810 4367 1830 4392 ,
1868 4336 1930 4381 ut
1972 4325 2046 4382 ait
2081 4319 2230 4385 Geta
2263 4322 2322 4386 in

394 4418 734 4487 incredulum
760 4417 1051 4491 fundans,
1087 4419 1298 4484 irritare
1413 4414 1637 4483 Pliorm.
1672 4416 1764 4492 11,
1804 4437 1826 4479 ι
1848 4461 1872 4493 ,
1909 4416 2005 4497 63.
