2809 5234
646 888 2136 1007 HEAUTONTIMORUMENO'S.
2238 918 2403 995 ²²7·

440 1058 619 1133 Tum
646 1056 834 1156 quod
862 1053 951 1127 ini
977 1075 1321 1152 argentum
1350 1078 1422 1130 es
1448 1055 1818 1153 pollicituS,
1859 1055 2092 1129 eadem
2119 1057 2245 1132 hac
2266 1059 2380 1131 in-

783 1180 1049 1252 v'er'aiam
1098 1180 1247 1253 via:

444 1305 656 1400 Quod
687 1327 764 1377 ut
803 1303 1131 1376 efficerem
1146 1356 1167 1391 ,
1196 1303 1457 1376 orando
1493 1302 1715 1377 surdas
1756 1300 1889 1376 iam
1913 1300 2124 1378 aureis
2161 1303 2388 1378 reddi-

430 1413 439 1425 ·
796 1429 986 1500 deras
1028 1417 1215 1500 mihi.
1949 1460 1954 1471 ·
2402 1476 2423 1497 .

451 1552 643 1647 Quid
691 1552 865 1625 aliud
907 1549 1029 1622 tibi
1070 1552 1225 1626 vis?
1270 1554 1416 1623 clit.
1459 1549 1777 1647 fiquidem
1825 1549 1960 1626 hoc
2003 1546 2079 1625 fit
2118 1567 2162 1627 ¹.
2210 1556 2281 1627 S.
2306 1552 2391 1629 fi·

797 1677 1073 1773 quidem
1106 1689 1135 1722 ²
1184 1675 1599 1772 experiundo
1643 1675 1801 1748 scies
1833 1689 1885 1748 3.
2296 1700 2394 1774 90

463 1804 606 1879 clie.
649 1799 793 1899 Age
819 1853 843 1886 ,
885 1825 1006 1896 age
1034 1851 1057 1887 ,
1104 1800 1274 1873 cedo
1298 1852 1321 1888 ‚
1369 1798 1533 1872 istuc
1584 1815 1774 1872 tuum
1831 1797 2179 1873 confilium
2224 1800 2394 1899 quid

800 1924 871 1997 id
918 1922 1059 1997 est?
1101 1932 1177 2003 S.
1227 1923 1736 1997 affimulibimus
1768 1944 1800 1983 ⁴
1827 1977 1850 2012 ‚

464 2050 682 2123 Tuam
725 2049 1004 2122 amicam
1028 2100 1049 2135 ,
1090 2050 1282 2122 huius
1311 2047 1459 2121 effe.
1490 2051 1639 2119 Clit.
1677 2046 1993 2145 pulchre:
2035 2048 2207 2121 cedo
2233 2046 2399 2148 quid
2526 2044 2555 2079 '

803 2175 915 2248 hic
947 2174 1145 2253 faciet
1179 2175 1346 2249 sua?

470 2299 579 2372 An
612 2324 691 2373 ea
720 2324 994 2398 quoque
1031 2300 1288 2373 dicetur
1323 2301 1559 2391 huius,
1605 2299 1652 2373 s1
1691 2326 1822 2374 una
1873 2300 2038 2373 haec
2080 2298 2401 2374 dedecori

809 2424 905 2496 est
953 2431 1239 2520 parum?

472 2551 547 2618 S.
606 2548 824 2618 Immo
884 2548 967 2619 ad
1020 2566 1200 2621 tuam
1256 2564 1533 2619 matrem
1581 2544 1962 2635 abducetur.
2029 2550 2176 2621 CBt.
2237 2543 2404 2646 quid

818 2692 905 2742 eo
941 2669 1024 2741 s?
1077 2673 1152 2743 s,
1188 2670 1466 2767 longum
1503 2670 1634 2754 est,
1680 2671 2025 2770 Clitipho,
2334 2650 2342 2661 '

480 2791 639 2865 Tibi
672 2790 718 2863 fi
746 2816 1006 2864 narrem
1036 2846 1058 2880 ,
1089 2819 1289 2891 quam
1317 2794 1412 2866 ob
1449 2821 1587 2868 rem
1625 2798 1696 2870 id
1721 2796 1998 2871 faciam:
2027 2821 2186 2871 vera
2216 2791 2408 2870 causa

649 2914 656 2927 '
727 2911 732 2916 ’
824 2915 936 2992 est.
999 2920 1145 2991 Clie.
1206 2918 1512 2991 fabulae:
2315 2943 2402 3018 95

481 3041 667 3116 Nihil
711 3041 849 3116 sati’
873 3041 1047 3115 firmi
1074 3043 1280 3118 video
1299 3098 1323 3134 ‚
1355 3069 1552 3142 quam
1595 3044 1691 3117 ob
1723 3067 1865 3117 rem
1895 3040 2194 3139 accipere
2237 3043 2415 3117 bunc

825 3166 992 3240 mihi
1041 3169 1355 3263 expediat
1403 3186 1682 3240 metum.
1903 3180 1909 3187 “

491 3298 565 3364 S.
610 3293 847 3378 Mane,
878 3291 1093 3364 habeo
1115 3292 1313 3403 haliud
1335 3345 1358 3381 ‚
1384 3290 1434 3363 fi
1476 3291 1643 3366 istuc
1679 3289 1916 3368 metuis
1948 3288 2013 3384 ⁶,
2055 3288 2241 3390 quod
2269 3312 2418 3365 am-

836 3415 934 3491 bo
972 3414 1428 3491 confiteamini
1490 3389 1502 3405 ⁸

595 3653 618 3695 1
640 3632 905 3715 Impulsus
924 3639 1034 3696 iam
1059 3634 1187 3699 Clit.
1206 3654 1402 3716 parum
1525 3634 1624 3695 vix
1652 3632 1882 3696 tandem
1918 3631 2091 3714 aperit
2105 3677 2125 3708 ‚
2154 3647 2424 3713 qnantum

501 3725 661 3786 firme
700 3728 824 3785 dein
858 3727 1062 3787 refistit.
1530 3728 1604 3786 ab
1643 3746 1880 3807 utroque
1919 3729 2117 3787 iuvene
2163 3729 2218 3785 in
2265 3748 2332 3786 ea
2370 3747 2427 3786 re

586 3837 620 3874 2
667 3816 815 3876 Vide
859 3838 1029 3896 quam
1061 3816 1277 3877 irrideat
1309 3838 1406 3878 re·-
1526 3817 1643 3878 fieri
1665 3820 1812 3891 vult3
1833 3834 2014 3877 cetera
2031 3817 2215 3878 secum
2233 3817 2429 3878 servat.

504 3906 746 3988 petendo
781 3909 894 3965 eius
928 3909 1117 3970 verba.
1616 3927 1644 3991 ς
1719 3909 1920 3990 calph.
1970 3909 2115 3972 τεᾶε
2168 3913 2431 3991 exponit}

599 4015 626 4079 3
663 3997 830 4058 Haud
871 4002 1017 4080 prius
1059 3997 1224 4072 scias,
1270 4019 1421 4081 quo-
1536 4003 1668 4080 quid
1702 4021 1811 4062 tum
1831 4005 1866 4062 Ρ
1890 4004 1970 4062 uti
1998 4023 2103 4064 nos
2131 4002 2286 4082 supra
2306 4000 2439 4081 quid

508 4094 681 4155 modo
733 4094 1029 4175 proveniat
1094 4090 1418 4166 confilium,
1537 4093 1637 4154 illo
1661 4095 1720 4173 f

510 4212 721 4284 quamn
702 4194 763 4255 id
788 4191 998 4276 ipsum
984 4210 1131 4250 meas
1158 4189 1222 4250 δι
1251 4209 1421 4271 expe·
1616 4189 1657 4251 6
1688 4187 1980 4270 Iamprofli
1965 4205 2205 4271 ngaturus
2221 4185 2439 4249 estom-
2545 4224 2554 4233 ·

273 4226 280 4235 '
369 4282 380 4295 ’
507 4294 675 4355 tiaris.
1526 4306 1670 4349 «nem
1707 4285 1779 4346 du
1781 4280 2108 4345 binizonem
2159 4282 2442 4368 Clitipho-

595 4411 639 4465 4
672 4383 924 4450 Tantum
955 4383 1027 4448 de
1056 4379 1289 4446 consilio
1323 4379 1422 4444 suo
1536 4382 1661 4458 nis,
1709 4379 1772 4443 δι
1809 4376 2035 4533 quidet:
2075 4378 2259 4483 {ocose
2296 4377 2439 4446 satis.
