2809 5234
261 766 334 858 406
483 766 577 840 AD
628 763 1016 838 HECYRAM.

257 923 334 996 suos
351 945 487 1015 penates
508 926 715 1005 reducimus,
730 948 774 995 ne
792 925 933 1012 amplior
947 926 981 989 in
993 921 1115 991 alieno
1126 925 1255 998 umba

257 1018 325 1087 det·
352 1019 478 1086 Verum
499 1018 572 1087 sane
587 1017 634 1086 est
646 1023 706 1105 diff
726 1045 777 1085 nos
795 1021 926 1100 uscire,
944 1020 976 1080 dr
993 1012 1077 1081 dein
1093 1045 1146 1104 op·
1163 1028 1254 1098 dm,

258 1119 317 1197 qui.
343 1110 396 1177 Sic
417 1110 578 1178 sententia
602 1107 692 1177 Don.
719 1110 827 1178 verbis
852 1106 1027 1174 Dacieriae
1053 1113 1254 1182 commode

258 1204 405 1288 expreffa
421 1204 547 1289 prodit,
564 1203 665 1268 latina
678 1205 762 1268 ratio
779 1201 943 1279 servatur,
956 1203 988 1263 dt
1000 1199 1123 1267 versus
1136 1205 1253 1271 trech.

258 1296 354 1360 oc‘ron
399 1316 459 1363 cat.
484 1294 633 1381 procedit
658 1292 787 1361 melius.
809 1290 998 1368 Addimus,
1018 1300 1116 1380 augis
1138 1300 1254 1362 hu-

257 1412 323 1450 ma
342 1394 376 1472 est
389 1385 416 1453 ξι.
443 1388 462 1450 i.
475 1386 539 1453 dici
551 1409 626 1471 pro,
638 1383 813 1472 sapientius
828 1381 851 1448 ί
864 1381 1057 1469 prudentius
1071 1383 1134 1451 cll„
1152 1384 1254 1460 Eun.

258 1471 329 1555 lv,
356 1503 401 1560 4,
425 1476 621 1567 54¹'q-P01,
638 1481 778 1563 ῥίψει,
796 1484 868 1561 quor
890 1480 971 1558 sen,
997 1477 1098 1557 usco.

304 1593 378 1658 pag.
408 1591 468 1658 325
498 1570 553 1635 lin.
585 1567 614 1633 8.
638 1567 813 1634 Malumus
845 1591 920 1633 curn
943 1562 1061 1632 Bemb.
1088 1595 1254 1656 erepton,

258 1682 357 1817 {uam
383 1683 458 1727 cum
486 1658 640 1727 omnibus
659 1659 732 1726 aliis
755 1683 854 1746 exopto
883 1658 906 1724 l.
931 1682 1005 1744 opto.
1028 1682 1065 1725 v·
1096 1682 1178 1729 not·
1209 1662 1254 1731 ad

305 1866 378 1931 pag.
393 1841 455 1930 328
469 1841 525 1913 lin.
539 1864 570 1930 7.
583 1847 648 1927 istae
657 1869 708 1904 m.
720 1837 834 1908 Nobis
845 1837 976 1908 videtur
987 1835 1010 1903 l.
1023 1861 1107 1908 cum
1117 1838 1254 1916 Bemb.

259 1928 440 2023 legendum
466 1940 574 1999 ailiam
595 1939 735 2018 istarum
755 1938 787 1999 δι
810 1929 933 1999 Erasm.
949 1924 1071 1997 Faem.
1086 1931 1183 2002 illud
1199 1945 1253 2024 pol

257 2025 420 2109 omisere3
445 2022 556 2095 lsrid
575 2029 715 2093 retinere
738 2023 855 2092 malis:
879 2027 923 2086 m'l
936 2025 987 2106 pol
1010 2029 1070 2086 ian
1096 2031 1188 2109 istm
1213 2037 1253 2094 ιὶ

257 2123 317 2183 vol.
336 2122 364 2200 s.
387 2114 452 2184 Sed
475 2116 565 2204 quod
588 2117 694 2208 vulgo
712 2115 816 2182 edunt
836 2123 879 2180 nil
896 2119 948 2198 pol
968 2121 1025 2176 iarn
1048 2121 1251 2200 istm(ant.

259 2207 344 2293 plur·
366 2204 443 2274 fem.
458 2218 472 2285 )
488 2236 529 2273 res
554 2205 664 2277 Bentl.
694 2205 859 2282 defendit,
876 2201 1051 2270 secundam
1076 2207 1252 2295 syllabam

259 2299 294 2365 in
312 2305 443 2386 voluptas
470 2302 588 2385 corripi
609 2297 713 2365 solere
726 2297 936 2383 praecipiens.
952 2291 1124 2366 Bembina
1143 2301 1253 2372 lec'iin

259 2390 384 2457 melius
408 2389 549 2457 consulit
564 2386 680 2457 versui.

305 2505 379 2567 pag.
400 2503 460 2569 330
476 2480 534 2547 lin.
555 2504 606 2547 ιο.
621 2507 701 2545 uxor.
716 2477 800 2545 Non
815 2475 925 2546 versus
938 2475 1043 2544 solum
1055 2481 1161 2552 cansa
1172 2510 1249 2555 ma·

259 2567 359 2636 limus
371 2577 492 2655 Sossrara
503 2599 516 2648 ;
527 2568 582 2637 sed
598 2576 629 2637 8(
645 2570 734 2657 quod
748 2574 782 2636 in
793 2571 1002 2657 placatiorem
1015 2572 1120 2638 modo
1136 2580 1250 2645 virum

259 2659 380 2726 melius
401 2663 574 2739 convenit,
592 2686 689 2747 quam
706 2689 776 2725 uxor
786 2691 798 2739 ‚·
813 2683 881 2747 quo
890 2665 1042 2741 nornine,
1055 2663 1142 2732 alias
1167 2669 1248 2759 dig-

258 2752 400 2815 nitatem
425 2750 588 2829 habente,
604 2775 669 2817 non
692 2750 811 2836 absque
828 2753 930 2816 ironia
948 2754 1008 2816 viri
1027 2750 1104 2820 suas
1124 2760 1248 2845 appel-

262 2840 351 2918 lant,
377 2861 464 2906 certe
485 2866 534 2930 ap.
559 2839 722 2925 nostrum3
747 2840 789 2905 cf.
809 2839 935 2907 Heaut.
960 2840 1029 2921 lll,
1047 2864 1122 2934 5‚9
1142 2856 1178 2916 8<
1193 2851 1247 2930 V,

262 2954 298 3011 1,
314 2937 345 2995 6.
359 2928 403 2996 Et
414 2930 539 2998 Laches
549 2928 725 3016 supracum
740 2929 795 2997 sua
804 2931 1032 3001 vehementius
1043 2960 1170 3026 agenS,
1186 2969 1249 3012 vo-

259 3023 353 3089 cabat
373 3028 486 3094 mulier,
510 3022 616 3088 lenius
635 3029 766 3107 Sostrata.

305 3137 382 3202 pag.
407 3137 477 3203 332.
498 3111 557 3177 lin.
575 3135 596 3201 7
612 3109 658 3199 sq.
675 3111 776 3180 Varie
796 3109 848 3178 hic
863 3112 974 3181 versus
989 3115 1129 3204 legitur.
1166 3123 1250 3194 Nos

259 3201 426 3292 sequimur
453 3201 621 3282 ordine‘m,
649 3227 749 3290 quern
776 3202 846 3289 post
867 3202 963 3272 Don.
989 3207 1064 3274 edd.
1091 3213 1248 3298 priscas,

261 3297 296 3363 in
313 3299 419 3382 iisque
434 3293 572 3377 nostram
587 3294 672 3381 Arg.
690 3292 851 3361 Erasmus.
883 3321 991 3384 neque
1005 3296 1127 3367 Bemb.
1143 3306 1249 3376 aliter

262 3385 383 3466 habet,
409 3409 451 3452 ex
475 3410 542 3472 quo
563 3393 704 3449 redducam
727 3383 846 3471 scripsit
870 3385 1016 3458 Faernus
1029 3414 1042 3476 3
1065 3391 1122 3459 sed
1151 3397 1249 3470 idem

261 3477 369 3547 omifit
388 3505 487 3565 mage,
505 3475 594 3564 quod
617 3480 647 3541 in
664 3474 744 3542 Var.
762 3481 793 3541 δε
809 3474 904 3543 Basrl.
920 3479 1019 3563 ablit,
1034 3485 1247 3577 versumque

262 3570 447 3660 longiorem
468 3569 593 3636 reddat.
617 3565 709 3633 Mur.
730 3565 825 3632 aliter
849 3568 1001 3639 ordinans
1026 3582 1129 3651 Credo,
1146 3587 1249 3663 finon

264 3672 425 3736 redducam,
454 3689 486 3725 ea
518 3689 558 3748 gr.
593 3687 653 3725 con.
688 3665 774 3746 magis
801 3661 896 3743 βπ,
932 3664 1062 3734 asseclas
1094 3672 1246 3742 invenit.

263 3755 330 3825 Nil
364 3775 451 3821 certe
481 3754 687 3839 pronutiare
710 3747 869 3818 audemus
902 3753 946 3821 ob
974 3762 1070 3825 merri
1096 3767 1250 3833 varieta-

265 3869 345 3921 tem·
381 3844 445 3916 Sed
465 3869 532 3913 non
552 3843 686 3913 ferimus
714 3838 931 3920 Bentleium‚
956 3851 1013 3934 qui
1034 3873 1150 3920 contra
1166 3882 1247 3925 orn-

265 3967 345 4025 ne8‚
359 3965 416 4030 pro
431 3937 576 4007 lubidine
588 3936 692 4004 εἰεᾶο
702 3962 756 3999 non
767 3980 777 4006 ,
790 3931 869 4001 facit
888 3944 970 4003 Credo
985 3969 1018 4006 ea
1030 3971 1072 4031 gr.
1089 3973 1170 4015 conc.
1182 3979 1248 4016 ma-

264 4047 308 4127 gis
319 4085 329 4111 ,
340 4044 369 4122 fi
385 4043 541 4105 redducam,
555 4034 616 4118 fim
625 4059 639 4109 ‚·
654 4025 741 4117 quasi
755 4025 893 4113 Pamph.
908 4055 966 4114 per
984 4035 1123 4106 ironiam
1144 4040 1247 4110 dixe.

266 4134 329 4210 rit,
347 4137 422 4194 credo
431 4178 442 4210 ,
460 4148 497 4195 ut
515 4123 551 4193 slt
569 4152 622 4189 non
641 4129 726 4188 crrdo.
755 4117 866 4210 Quam
893 4121 1029 4193 absurda
1049 4126 1138 4200 foret
1160 4159 1247 4221 per..

267 4220 364 4290 sonae
380 4220 439 4290 hoc
460 4224 492 4287 in
518 4218 592 4287 loco
613 4211 817 4304 antiphrasrs3
833 4234 932 4303 quam
953 4214 1009 4282 fibi
1031 4220 1100 4306 ipse
1116 4224 1244 4299 adver.

268 4312 367 4386 sarius
383 4312 595 4406 Pamphilus,
612 4314 750 4382 retinere
761 4327 900 4378 matrem
911 4312 1067 4399 cupiens!
