2809 5234
1019 867 1854 946 ADELPHL·
2282 844 2497 967 31'

435 1044 562 1116 Sa.
610 1034 847 1113 Credo
905 1029 1079 1107 istiu:
1131 1033 1380 1106 melius
1436 1029 1571 1103 effe
1620 1053 1638 1099 ε
1679 1052 1958 1103 -verum
2016 1054 2150 1131 ego
2177 1046 2386 1107 mun·-

850 1182 1061 1256 quam
1112 1156 1300 1258 adeq.
1328 1151 1589 1227 astutus
1630 1151 1729 1226 fui
1757 1206 1782 1243 ‚

438 1286 639 1383 Quin
662 1340 687 1380 ,
708 1283 1050 1386 quidquid
1087 1279 1351 1379 poffem
1381 1334 1406 1371 ‚
1434 1278 1711 1352 mallem
1739 1278 2013 1355 auferre
2052 1282 2288 1380 potius
2313 1281 2388 1358 in

713 1489 718 1493 ,
833 1401 1242 1503 praesentia.
1365 1466 1383 1479 .
1879 1502 1891 1509 ·
2288 1468 2295 1479 ,

438 1540 566 1631 Sy.
610 1546 632 1583 ¹
668 1531 816 1628 Age
844 1582 873 1618 ,
918 1526 1093 1600 novi
1134 1543 1333 1598 tuum
1393 1524 1699 1597 animum
1739 1542 1814 1592 ²:
1864 1521 2054 1623 quasi
2104 1522 2242 1597 iem
2271 1522 2388 1597 us-

830 1676 1047 1751 quam
1099 1648 1227 1722 tibi
1262 1647 1392 1722 fint
1423 1645 1675 1744 viginti
1710 1646 1939 1721 minae
1965 1701 1989 1739 ,
2301 1666 2380 1747 15

445 1783 644 1858 Dum
683 1779 847 1854 huic
894 1775 1304 1874 obsequare.
1372 1791 1727 1870 praeterea
1783 1791 2015 1847 autem
2083 1792 2154 1847 te
2195 1774 2392 1849 aiunt

843 1893 1185 1996 proficisci
1212 1893 1558 1991 Cyprum.
1580 1890 1719 1965 Sa.
1751 1892 1912 1965 hem
1959 1893 2014 1962 ³!

442 2026 568 2116 Sy.
602 2015 947 2093 Coemiss'e
990 2015 1152 2088 hinc
1173 2069 1203 2105 ,
1256 2039 1436 2113 quae
1492 2011 1660 2085 illuc
1727 2013 2068 2107 veheres,
2122 2011 2341 2090 multa
2367 2041 2393 2091 ε

825 2165 1078 2215 navem
1134 2138 1572 2212 conduciam.
1615 2137 1754 2211 hoc
1803 2135 1949 2211 scio
1982 2190 2008 2228 ,

441 2263 737 2340 'Animus
786 2261 915 2335 tibi
961 2259 1243 2357 pendet.
1295 2259 1420 2331 ubi
1469 2256 1659 2331 illinc
1680 2311 1704 2349 ,
1751 2256 1953 2356 spero
1979 2311 2006 2351 ,
2050 2259 2336 2338 redieris
2358 2277 2396 2356 ς

839 2403 1074 2487 tamen
1123 2384 1265 2458 hoe
1313 2407 1496 2482 ages.

446 2544 569 2612 Sa.
607 2534 966 2635 Nusquam
1002 2534 1252 2633 pedem
1283 2550 1337 2607 4.
1383 2529 1559 2630 perii
1609 2530 1844 2606 hercle
1877 2556 1896 2602 t
1934 2531 2064 2607 hac
2109 2533 2212 2608 illi
2271 2533 2390 2635 spe

842 2658 985 2731 hoc
1029 2658 1461 2754 inceperunt.
1518 2659 1650 2751 Sy.
1703 2655 1903 2729 timet
1938 2678 2006 2729 5:

451 2802 682 2881 Inieci·
719 2800 1121 2899 scrupulum
1171 2799 1463 2879 homini.
1516 2805 1640 2878 Sa.
1684 2802 1716 2846 ⁴
1750 2828 1799 2877 ο
1850 2802 2150 2881 scelera!
2207 2750 2384 2882 iliud

832 2921 1050 3014 vide,

544 3224 572 3266 ι
607 3205 783 3289 Syrus
828 3205 1019 3286 prima
1061 3204 1155 3266 via
1187 3204 1340 3267 haud

457 3329 692 3390 captans
733 3309 1008 3370 lenonem
1023 3354 1046 3382 ‚
1069 3309 1181 3371 alia
1206 3332 1339 3371 eum

456 3417 805 3501 aggreditur.
1111 3500 1115 3503 Δ

538 3542 571 3579 2
641 3519 817 3602 Quafi
875 3519 1130 3584 liberalis
1162 3518 1339 3585 -effet.

455 3627 763 3691 Blanditiis
811 3629 964 3690 hisce
1027 3633 1171 3714 tegit
1225 3630 1342 3691 do-

457 3723 581 3784 lum
610 3770 629 3798 ,
671 3748 790 3808 quo
832 3725 999 3786 illum
1048 3727 1202 3788 velut
1248 3749 1351 3788 cu-

462 3829 661 3888 niculo
710 3832 992 3895 deterrere
1028 3834 1227 3894 studet.

551 3954 580 4013 3
619 3932 694 3994 Et
743 3931 873 3992 sane
917 3952 1158 3997 terretur
1198 3936 1370 3999 San-²

510 4061 589 4101 ιο.
864 4092 873 4097 -

465 4060 507 4102 ⁸²
547 4168 587 4218 4
603 4141 816 4206 Omifit
827 4139 967 4224 [ἔνο.
984 4144 1204 4206 Sannio
1222 4166 1353 4228 per-

469 4255 717 4316 turbatus
733 4258 987 4337 primum
1005 4257 1238 4341 quidem
1254 4277 1354 4317 ne·

441 4383 603 4447 gare
636 4365 819 4447 cupit,
850 4361 946 4426 sed
968 4365 1213 4427 nimium
1226 4383 1358 4449 per-

2295 2951 2394 3003 20

1505 3203 1693 3267 eulsus
1721 3205 1934 3268 recedit
1973 3203 2329 3290 aliquantum
2357 3228 2396 3271 a

1500 3312 1653 3396 Syro
1673 3361 1689 3387 ‚
1716 3322 1772 3373 &
1805 3311 1993 3374 secum
2017 3295 2415 3395 loquiturpess

1502 3422 1572 3479 rii
1597 3421 1761 3480 hercle
1787 3430 1895 3481 διε.

1591 3542 1618 3597 ς
1651 3524 1826 3605 Syrus
1864 3524 1971 3585 hac
2001 3523 2128 3596 via,
2155 3523 2314 3607 quod
2336 3544 2394 3584 a·

1507 3629 1675 3713 gebat
1700 3675 1718 3703 ‚
1757 3625 2053 3693 succeffiffe
2076 3676 2098 3704 ‚
2126 3631 2223 3691 fibi
2257 3655 2395 3718 gra-

1518 3725 1744 3789 tulatur.

1600 3845 1632 3896 6
1653 3836 1871 3896 Sannio
1905 3839 2004 3922 qui
2035 3843 2252 3902 interea
2267 3842 2398 3903 lon·

1509 3940 1638 4021 gius
1657 3934 1947 4004 recefferat
1966 3991 1983 4019 ‚
1998 3946 2243 4018 seorsim,
2263 3969 2398 4031 qua·

1440 4075 1451 4085 ,
1511 4042 1553 4102 fi
1585 4063 1645 4103 te
1683 4043 2005 4128 desperata,
2028 4052 2401 4134 loquitur,&

1518 4146 1708 4207 denuo
1749 4153 2032 4212 rationem
2070 4150 2256 4209 secum
2279 4172 2400 4232 pu·

1517 4275 1678 4330 tam,
1705 4259 1932 4317 tandem
1963 4258 2060 4317 fibi
2094 4278 2216 4316 non
2258 4279 2402 4319 con-

1486 4432 1492 4437 ,
1524 4363 1672 4426 stans
1701 4407 1722 4439 ,
1766 4348 1936 4426 ‘satius
1995 4362 2162 4427 habet
2182 4408 2203 4439 ,
2237 4359 2400 4449 spen
