2809 5234
213 782 280 856 ¹94
366 753 1042 830 Hteotoutruouuuuut

210 940 356 1015 repertam
371 943 476 991 tamen
482 920 612 1011 filiam,
627 917 689 1009 ipse
702 942 821 1009 quoque
829 916 962 1011 gavisus
975 916 1024 1016 ιβ.
1034 918 1108 989 iam
1120 942 1195 991 ont·

209 1047 269 1115 aia
283 1048 319 1113 in
338 1046 505 1139 tranquilla
519 1065 608 1112 erant
615 1070 632 1128 ;
643 1044 758 1133 absque
772 1041 929 1111 Bacchide
937 1034 1060 1137 fieiffet.
1073 1042 1142 1133 sed
1153 1038 1190 1115 6

207 1171 258 1240 illi
279 1170 511 1263 quoquomodo
533 1171 631 1237 decem
653 1170 847 1236 excutiendae
868 1188 957 1234 erent
976 1166 1103 1258 argenti
1120 1168 1188 1236 mi·

206 1321 287 1383 nae,
298 1291 508 1385 &perieulum
519 1314 606 1377 etat,
619 1318 657 1359 ne
670 1294 779 1383 aliqua
793 1316 861 1359 eam
874 1288 1087 1376 Chremesfih‘i
1097 1290 1185 1361 ami-

209 1446 280 1490 cam
305 1412 359 1515 effe
379 1415 545 1507 rescisceret.
573 1417 626 1484 lbi
650 1418 754 1507 Syrus
777 1417 889 1483 audax
909 1407 1073 1507 confilium
1096 1414 1185 1503 init,

209 1544 364 1636 quomodo
386 1536 557 1630 &uerique
572 1541 648 1632 seni
666 1566 751 1620 rem,
771 1562 807 1607 ut
825 1559 908 1623 erat,
924 1524 1183 1629 patefierent&

208 1666 365 1737 commode
380 1664 506 1756 setam
528 1665 673 1755 impedito
696 1664 818 1756 negotio
841 1659 1006 1753 expediret.
1033 1661 1184 1735 Primum

208 1790 306 1885 igitur
329 1788 501 1874 Chremeti,
526 1789 655 1879 Repeti,
682 1788 810 1877 inquit,
835 1785 989 1878 quomodo
1013 1808 1179 1879 argentum

210 1939 232 1981 a
247 1914 425 1981 Menedemo
447 1912 586 2004 eripiam.
609 1915 745 1999 dicemus
764 1912 813 1996 ei,
828 1908 1013 1979 Bacchidem
1029 1910 1181 1981 haeretur·

214 2037 406 2127 Clitiphonis
426 2039 562 2104 amicam
581 2031 660 2131 effi:
686 2020 927 2125 credimusque,
944 2052 981 2101 tet
1005 2057 1075 2101 eane
1095 2034 1186 2105 domi

205 2160 286 2253 suae
308 2161 374 2229 dies
390 2162 512 2252 aliquot
533 2155 585 2255 effe
598 2159 745 2250 patiatur
757 2210 769 2244 ,
781 2182 865 2249 teque
888 2158 927 2226 id
944 2158 1077 2227 celatum
1097 2160 1184 2231 uelit.

207 2309 300 2373 porro
324 2283 433 2350 Clinia
451 2283 543 2369 filine
567 2305 658 2368 tuae,
676 2307 755 2374 quae
777 2282 871 2349 modo
893 2302 1008 2371 reperta
1027 2280 1091 2379 ιβ,
1107 2280 1186 2373 for·
1218 2332 1221 2343 ·

213 2428 298 2471 nram
309 2401 377 2497 fibi
398 2407 614 2495 complacitam
627 2402 680 2501 ιβι
692 2408 789 2491 dicet,
802 2430 927 2496 eamque
946 2424 1028 2495 petet
1040 2430 1206 2479 morene..

217 2525 312 2615 Quid
329 2548 395 2594 rtem
406 2528 426 2595 i
446 2532 634 2619 pecuniam,
649 2532 866 2621 inquit,petet
884 2556 905 2597 a
921 2550 1009 2619 patre
1017 2526 1107 2619 suo,
1126 2536 1185 2625 qui

213 2670 314 2716 novae
335 2674 448 2742 nuptae
462 2678 647 2722 ornamenta
659 2676 785 2723 coemat.
810 2679 877 2722 eam
886 2654 1055 2744 pecuniam
1068 2681 1186 2725 nurne-

214 2792 337 2841 ratunes
351 2775 390 2872 ιβ
403 2777 564 2847 Bacchidi.
584 2780 655 2845 Iam
674 2801 776 2847 aretem
792 2780 837 2845 ad
850 2779 1084 2863 ehlcnedemum,
1104 2778 1189 2872 Syri

213 2896 351 2983 hortatu,
366 2898 524 2995 trarrfierat
535 2902 693 2986 Bacchis,
707 2898 740 2971 e>
753 2928 787 2971 eo
796 2925 944 2992 pompam
957 2902 1187 2993 omnemsttam

215 3024 446 3094 transduxerat.
472 3027 632 3111 Chremes,
648 3027 752 3115 primo
776 3025 946 3114 nonsatis
967 3024 1189 3113 consiliumil-

213 3151 271 3217 lud
277 3151 428 3240 probare:
452 3172 488 3218 at
508 3153 596 3218 illam
620 3172 708 3237 certe,
724 3152 829 3242 inquit
847 3154 972 3241 Syrio,
990 3150 1191 3243 pecuniam,

209 3296 269 3357 pro
283 3298 347 3364 qua
358 3275 434 3364 filia
454 3295 509 3341 tua
525 3271 663 3368 oppefita
677 3296 742 3343 erae
759 3272 901 3368 pignori,
915 3275 993 3365 quin
1012 3268 1189 3369 diffidens,

206 3392 310 3481 streete
325 3398 440 3497 honeste
460 3421 526 3465 non
543 3420 641 3488 potes.
664 3401 737 3493 Ego
752 3424 841 3485 veto,
854 3401 958 3492 inquit
970 3398 1133 3484 Chremes,
1149 3394 1188 3471 ὅ·

213 3515 339 3585 libenter
350 3522 483 3611 quidem.
496 3522 599 3590 Immo
612 3547 701 3610 rere,
716 3522 789 3610 infit
802 3530 930 3613 Syrus,
942 3525 1019 3592 dato
1031 3547 1101 3591 eam
1118 3522 1188 3591 Cli-

213 3638 358 3729 tiphont',
380 3648 433 3736 qui
450 3649 495 3716 ad
512 3646 698 3716 Bacchidem
718 3646 858 3737 desirate
877 3649 925 3715 ira
946 3648 1028 3716 enim
1042 3645 1187 3735 facilites

213 3764 307 3830 credet
321 3762 535 3855 Menedemus,
550 3798 618 3840 cant
632 3771 721 3841 illius
741 3768 805 3868 effi.
829 3772 882 3839 Sit
903 3773 951 3839 ita
961 3770 1053 3861 βιηι.
1073 3796 1188 3841 nume·

213 3909 301 3956 ratur
316 3915 336 3955 a
355 3913 442 3977 patre
464 3894 633 3986 Clitiphorei
649 3900 804 3987 pecunia,
822 3920 917 3987 quam
937 3897 983 3962 ad
1001 3896 1184 3965 meretricem

207 4013 360 4100 perferret.
375 4013 497 4084 lneerea
515 4039 580 4089 tota
595 4045 640 4088 res
653 4020 823 4112 detegitur:
847 4018 1010 4111 indignari
1022 4020 1183 4108 Clerentes,

212 4128 405 4226 (esttenete,
426 4134 459 4207 δ’
479 4142 625 4241 minitari
640 4142 678 4231 se
698 4141 808 4210 omnia
831 4140 1019 4235 atrociffima
1038 4146 1183 4233 exempla

214 4256 360 4331 editurum
377 4267 526 4356 tendent,
540 4291 609 4336 eum
619 4266 720 4357 prius
742 4265 950 4357 Antiphilam
976 4268 1099 4337 Cliniae
1113 4268 1183 4342 calz
