2809 5234
1018 872 1737 951 ADELPHL
1922 943 1926 947 ,
2290 888 2392 969 ·ῳ

748 1087 1182 1160 ACTUS
1282 1089 1343 1157 I.
1453 1085 1843 1158 scENA
1952 1087 2147 1163 111.

1134 1251 1707 1327 Mlcloz.

448 1362 734 1533 NEc
782 1450 931 1540 nil,
989 1475 1216 1549 neque
1260 1449 1498 1524 omnia
1563 1448 1733 1526 haec
1791 1448 1998 1542 sunt,
2037 1472 2216 1550 quae
2273 1449 2384 1526 dic

850 1573 966 1644 cit.
1022 1591 1253 1644 tamen
1279 1623 1304 1661 ‚
2346 1638 2350 1642 ,

444 1693 710 1767 Nonnil
754 1672 1050 1765 mo'lesta‘
1100 1692 1267 1766 haec
1320 1690 1480 1767 sunt
1530 1696 1742 1785 mihi;
1793 1696 1910 1771 sed
1956 1697 2380 1792 ostendere‚‘

441 1820 559 1887 Me
588 1841 787 1914 aegre
828 1818 971 1913 pati
1006 1831 1033 1865 ²
1054 1870 1081 1904 ,
1119 1814 1220 1886 illi
1263 1817 1486 1892 nolui.
1525 1845 1681 1893 nam
1717 1823 1812 1895 ita
1861 1818 1956 1895 est
1999 1824 2218 1898 homo
2260 1850 2284 1896 t
2361 1883 2365 1887 .

404 1922 618 2007 ¹Cum
671 1941 874 2031 placo
920 1953 999 2026 ³,
1049 1935 1390 2009 advorsor
1436 1936 1678 2011 sedulo
1711 1995 1737 2029 ,
1800 1961 1872 2015 et
1908 1945 2277 2034 deterre't‘);

437 2059 699 2134 Tamen
732 2063 855 2132 vix
889 2059 1193 2138 humane
1228 2061 1490 2159 patitur
1510 2083 1543 2125 4
1578 2091 1595 2135 :
1632 2089 1876 2137 verum
1909 2067 1958 2138 fi
1984 2092 2296 2167 augeam,
2329 2089 2367 2170 5

420 2183 577 2253 ‘Aut
614 2183 821 2252 etiam
853 2181 1135 2250 adiutor
1161 2179 1282 2249 [ιω
1312 2182 1458 2252 eius
1494 2182 1885 2254 iracundiae
1919 2209 1944 2271 ;

432 2306 763 2379 insaniam
806 2303 1125 2403 profecto
1169 2331 1327 2377 cum
1368 2307 1518 2378 1110.
1568 2307 1687 2379 etsi
1725 2308 2134 2384 Aeschinum

428 2428 865 2501 Nonnullam
900 2449 922 2495 ς
981 2431 1055 2500 in
1092 2430 1222 2502 hac
1262 2451 1337 2500 re
1383 2427 1584 2502 nobis
1624 2429 1788 2502 facit
1834 2429 2181 2507 iniuriam.

435 2553 669 2644 Quam
705 2553 821 2624 hic
879 2578 1023 2624 non
1065 2553 1323 2628 amavit
1371 2552 1859 2628 meretricem?
1904 2573 2026 2628 aut
2064 2553 2179 2627 cui
2216 2579 2366 2630 non

821 2673 1015 2744 dedit

423 2793 753 2893 Aliquid?
784 2793 1136 2891 postremo
1158 2821 1379 2893 nuper
1430 2793 1680 2894 (credo
1719 2799 1854 2872 iam
1885 2803 2199 2876 omnium
2267 2828 2359 2880 ιο

421 2920 782 3025 ,Taedebat
810 2974 833 3010 ,
874 2918 909 3018 )
955 2922 1155 3012 dixit,
1198 2920 1380 2995 velle
1425 2945 1720 2994 uxorem
1768 2924 2020 2997 ducere
2055 2924 2108 2997 ⁸.

514 3112 537 3151 r
587 3088 772 3151 Micio
804 3088 933 3172 post
961 3085 1147 3151 fratris
1176 3089 1305 3151 irati
1470 3105 1868 3174 peramentum
1890 3085 1979 3148 his
1995 3087 2216 3149 voculis
2248 3088 2352 3148 in-

422 3196 737 3259 abitioncm
768 3199 953 3257 transit
984 3200 1056 3259 ad
1080 3220 1301 3272 eorum,
1465 3200 1546 3258 est
1581 3198 1806 3257 mirum.
1845 3191 1958 3256 Sed
1988 3216 2104 3278 quo
2148 3195 2350 3255 mitior

425 3325 569 3387 quae
588 3305 799 3376 dixerat
823 3349 839 3376 ,
860 3306 1301 3379 correctionem,
1464 3298 1544 3362 est
1582 3316 1789 3383 parens
1805 3346 1826 3372 ,
1852 3295 1964 3358 hoc
1987 3298 2212 3382 gravius
2229 3293 2350 3358 fue·

418 3411 653 3494 plenam
689 3414 1057 3474 humanitatis
1083 3436 1104 3490 3
1157 3435 1300 3498 quae
1465 3413 1540 3471 tit
1563 3457 1582 3485 ‚
1607 3405 1670 3469 in
1701 3407 1888 3491 ipsum
1912 3396 2182 3489 peccasse.

418 3527 503 3585 uti
521 3524 935 3586 Melanchthon
954 3529 1030 3586 ait
1045 3570 1065 3600 ,
1085 3526 1305 3605 medio·
1552 3531 1586 3582 6
1610 3518 1848 3581 Nescius
1869 3512 1940 3578 sic
1953 3516 2196 3576 ostendit
2214 3533 2346 3599 pat·

414 3636 676 3694 critatem
708 3635 934 3713 probat.
1468 3647 1586 3690 tem
1616 3626 1969 3714 argumenti,
2007 3626 2164 3711 quod
2200 3628 2278 3686 est
2307 3644 2342 3689 a

501 3758 534 3792 2
570 3737 675 3794 int.
709 3755 867 3804 rem,
896 3734 953 3792 h.
982 3757 1031 3794 e.
1065 3727 1299 3797 admista
1459 3736 1717 3817 virgine,
1750 3757 1920 3820 quam
1944 3756 1977 3796 a
2007 3731 2060 3794 se
2084 3731 2341 3797 vitiatam

413 3833 491 3900 nb
515 3835 828 3896 Aeschino.
1458 3834 1658 3900 ducere
1698 3838 1954 3917 cupiebat
1994 3833 2334 3900 Aeschinus·

504 3965 531 4024 3
564 3942 621 4002 h.
650 3963 699 4002 e.
729 3941 954 4023 placate
982 3939 1141 4003 volo.
1391 4003 1396 4006 ,
1459 3936 1784 4004 Βυξὶιιωηι
1825 3934 1879 4001 se
1918 3959 2150 4002 uxorem
2175 3940 2334 4000 dixe·

497 4077 536 4126 4
560 4049 618 4111 h.
642 4071 695 4111 e.
715 4054 813 4109 vix
829 4037 1160 4131 comprimit
1180 4045 1291 4124 ira-
1453 4068 1536 4110 rat
1565 4051 1747 4130 patri,
1784 4045 1877 4111 sed
1912 4051 2133 4133 pudore
2162 4069 2330 4129 prae-

415 4160 680 4222 cundiam
704 4205 721 4231 ‚
744 4179 989 4242 aequum
1016 4154 1069 4216 se
1096 4153 1136 4215 s.
1158 4177 1289 4215 mo-
1450 4157 1680 4236 peditus
1703 4160 1902 4234 tacuit,
1933 4176 2105 4240 quam
2130 4152 2321 4246 vellet,

415 4261 668 4322 demtum
698 4261 948 4341 praebet.
1452 4265 1506 4319 3<
1542 4277 1740 4341 quare.-

497 4391 534 4455 ς,
583 4372 726 4450 Etfi-
746 4369 1083 4435 manuum.
1106 4366 1289 4434 Tem·-
1873 4436 1933 4517 B

2000 4469 2048 4517 2

2262 4694 2589 4808 fl.
