<?xml version="1.0" encoding="UTF-8"?>
<!DOCTYPE html PUBLIC "-//W3C//DTD XHTML 1.0 Transitional//EN"
    "http://www.w3.org/TR/xhtml1/DTD/xhtml1-transitional.dtd">
<html xmlns="http://www.w3.org/1999/xhtml" xml:lang="en" lang="en">
 <head>
  <title>
</title>
<meta http-equiv="Content-Type" content="text/html;charset=utf-8" />
  <meta name='ocr-system' content='tesseract 3.04.00' />
  <meta name='ocr-capabilities' content='ocr_page ocr_carea ocr_par ocr_line ocrx_word'/>
</head>
<body>
  <div class='ocr_page' id='page_1' title='image "./publiiterentiia00teregoog_0345.png"; bbox 0 0 2809 5234; ppageno 0'>
   <div class='ocr_carea' id='block_1_1' title="bbox 198 170 2548 560">
    <p class='ocr_par' dir='ltr' id='par_1_1' title="bbox 198 170 2548 560">
     <span class='ocr_line' id='line_1_1' title="bbox 198 170 2548 560; baseline 0 4674"><span class='ocrx_word' id='word_1_1' title='bbox 198 170 2548 560; x_wconf 95' lang='lat' dir='ltr'> </span> 
     </span>
    </p>
   </div>
   <div class='ocr_carea' id='block_1_2' title="bbox 641 888 2361 991">
    <p class='ocr_par' dir='ltr' id='par_1_2' title="bbox 641 888 2361 991">
     <span class='ocr_line' id='line_1_2' title="bbox 641 888 2361 991; baseline -0.003 -22"><span class='ocrx_word' id='word_1_2' title='bbox 641 888 2078 991; x_wconf 72' lang='lat' dir='ltr'><strong>HEAUTONTIMORUMENOS.</strong></span> <span class='ocrx_word' id='word_1_3' title='bbox 2228 914 2361 990; x_wconf 86' lang='lat'>²99</span> 
     </span>
    </p>
   </div>
   <div class='ocr_carea' id='block_1_3' title="bbox 443 1048 2372 1767">
    <p class='ocr_par' dir='ltr' id='par_1_3' title="bbox 443 1048 2369 1256">
     <span class='ocr_line' id='line_1_3' title="bbox 443 1048 2369 1158; baseline -0.006 -22"><span class='ocrx_word' id='word_1_4' title='bbox 443 1066 524 1136; x_wconf 83' lang='lat' dir='ltr'>C.</span> <span class='ocrx_word' id='word_1_5' title='bbox 551 1061 620 1135; x_wconf 86' lang='lat' dir='ltr'>N</span> <span class='ocrx_word' id='word_1_6' title='bbox 623 1085 718 1134; x_wconf 86' lang='lat' dir='ltr'>on</span> <span class='ocrx_word' id='word_1_7' title='bbox 742 1056 1058 1158; x_wconf 82' lang='lat' dir='ltr'>postulo:</span> <span class='ocrx_word' id='word_1_8' title='bbox 1097 1055 1229 1131; x_wconf 83' lang='lat' dir='ltr'>iam</span> <span class='ocrx_word' id='word_1_9' title='bbox 1258 1056 1555 1153; x_wconf 85' lang='lat' dir='ltr'>loquere.</span> <span class='ocrx_word' id='word_1_10' title='bbox 1589 1048 1804 1125; x_wconf 83' lang='lat' dir='ltr'>nihilo</span> <span class='ocrx_word' id='word_1_11' title='bbox 1839 1049 2055 1125; x_wconf 85' lang='lat' dir='ltr'>minus</span> <span class='ocrx_word' id='word_1_12' title='bbox 2075 1072 2206 1149; x_wconf 84' lang='lat' dir='ltr'>ego</span> <span class='ocrx_word' id='word_1_13' title='bbox 2233 1051 2369 1131; x_wconf 85' lang='lat' dir='ltr'>hoc</span> 
     </span>
     <span class='ocr_line' id='line_1_4' title="bbox 773 1160 2369 1256; baseline 0.004 -9"><span class='ocrx_word' id='word_1_14' title='bbox 773 1179 1036 1256; x_wconf 79' lang='lat' dir='ltr'>‚faciam</span> <span class='ocrx_word' id='word_1_15' title='bbox 1077 1203 1300 1255; x_wconf 84' lang='lat' dir='ltr'>tamen</span> <span class='ocrx_word' id='word_1_16' title='bbox 1340 1194 1388 1255; x_wconf 86' lang='lat'>¹.</span> <span class='ocrx_word' id='word_1_17' title='bbox 1694 1160 1703 1181; x_wconf 36' lang='grc' dir='ltr'><strong><em>Ε</em></strong></span> <span class='ocrx_word' id='word_1_18' title='bbox 2282 1201 2369 1253; x_wconf 84' lang='grc' dir='ltr'>ιο</span> 
     </span>
    </p>

    <p class='ocr_par' dir='ltr' id='par_1_4' title="bbox 443 1301 2372 1505">
     <span class='ocr_line' id='line_1_5' title="bbox 443 1301 2372 1407; baseline -0.003 -19"><span class='ocrx_word' id='word_1_19' title='bbox 443 1320 523 1388; x_wconf 82' lang='lat' dir='ltr'>S.</span> <span class='ocrx_word' id='word_1_20' title='bbox 549 1307 817 1407; x_wconf 57' lang='lat' dir='ltr'>Facies?</span> <span class='ocrx_word' id='word_1_21' title='bbox 852 1311 924 1379; x_wconf 86' lang='lat' dir='ltr'>C.</span> <span class='ocrx_word' id='word_1_22' title='bbox 949 1330 1216 1381; x_wconf 80' lang='lat' dir='ltr'>verum.</span> <span class='ocrx_word' id='word_1_23' title='bbox 1241 1310 1316 1379; x_wconf 87' lang='lat' dir='ltr'>S.</span> <span class='ocrx_word' id='word_1_24' title='bbox 1339 1328 1482 1379; x_wconf 85' lang='lat' dir='ltr'>non</span> <span class='ocrx_word' id='word_1_25' title='bbox 1510 1301 1734 1392; x_wconf 82' lang='lat' dir='ltr'>vides,</span> <span class='ocrx_word' id='word_1_26' title='bbox 1758 1323 2081 1401; x_wconf 83' lang='lat' dir='ltr'>quantum</span> <span class='ocrx_word' id='word_1_27' title='bbox 2110 1301 2268 1381; x_wconf 83' lang='lat' dir='ltr'>mali</span> <span class='ocrx_word' id='word_1_28' title='bbox 2285 1312 2372 1383; x_wconf 64' lang='grc' dir='ltr'>εἰ</span> 
     </span>
     <span class='ocr_line' id='line_1_6' title="bbox 785 1427 1305 1505; baseline -0.008 0"><span class='ocrx_word' id='word_1_29' title='bbox 785 1456 863 1505; x_wconf 85' lang='lat' dir='ltr'>ea</span> <span class='ocrx_word' id='word_1_30' title='bbox 899 1456 972 1505; x_wconf 85' lang='lat' dir='ltr'>re</span> <span class='ocrx_word' id='word_1_31' title='bbox 1011 1427 1305 1503; x_wconf 80' lang='lat' dir='ltr'>excites?</span> 
     </span>
    </p>

    <p class='ocr_par' dir='ltr' id='par_1_5' title="bbox 448 1549 2372 1767">
     <span class='ocr_line' id='line_1_7' title="bbox 448 1549 2372 1651; baseline -0.004 -16"><span class='ocrx_word' id='word_1_32' title='bbox 448 1557 798 1637; x_wconf 84' lang='lat' dir='ltr'><strong>Subditum</strong></span> <span class='ocrx_word' id='word_1_33' title='bbox 857 1554 923 1630; x_wconf 90' lang='lat' dir='ltr'>se</span> <span class='ocrx_word' id='word_1_34' title='bbox 955 1567 987 1603; x_wconf 87' lang='lat'>²</span> <span class='ocrx_word' id='word_1_35' title='bbox 1045 1551 1417 1651; x_wconf 82' lang='lat' dir='ltr'>suspicatur.</span> <span class='ocrx_word' id='word_1_36' title='bbox 1477 1553 1552 1623; x_wconf 87' lang='lat' dir='ltr'>C.</span> <span class='ocrx_word' id='word_1_37' title='bbox 1606 1549 1936 1625; x_wconf 84' lang='lat' dir='ltr'>subditum</span> <span class='ocrx_word' id='word_1_38' title='bbox 1969 1549 2001 1623; x_wconf 66' lang='lat' dir='ltr'>i*</span> <span class='ocrx_word' id='word_1_39' title='bbox 2065 1550 2198 1627; x_wconf 83' lang='lat' dir='ltr'>ain’</span> <span class='ocrx_word' id='word_1_40' title='bbox 2243 1551 2372 1627; x_wconf 74' lang='lat' dir='ltr'>tu?</span> 
     </span>
     <span class='ocr_line' id='line_1_8' title="bbox 788 1675 1490 1767; baseline -0.006 -15"><span class='ocrx_word' id='word_1_41' title='bbox 788 1686 859 1755; x_wconf 87' lang='lat' dir='ltr'>S.</span> <span class='ocrx_word' id='word_1_42' title='bbox 892 1694 918 1746; x_wconf 83' lang='lat'><em>³</em></span> <span class='ocrx_word' id='word_1_43' title='bbox 951 1680 1134 1757; x_wconf 74' lang='lat' dir='ltr'>cehe</span> <span class='ocrx_word' id='word_1_44' title='bbox 1180 1676 1269 1751; x_wconf 84' lang='lat' dir='ltr'>fic</span> <span class='ocrx_word' id='word_1_45' title='bbox 1317 1675 1490 1767; x_wconf 82' lang='lat' dir='ltr'>erit,</span> 
     </span>
    </p>
   </div>
   <div class='ocr_carea' id='block_1_4' title="bbox 443 1808 2373 2675">
    <p class='ocr_par' dir='ltr' id='par_1_6' title="bbox 449 1808 2373 2015">
     <span class='ocr_line' id='line_1_9' title="bbox 449 1808 2373 1904; baseline -0.006 -9"><span class='ocrx_word' id='word_1_46' title='bbox 449 1836 482 1882; x_wconf 85' lang='grc'><strong>4</strong></span> <span class='ocrx_word' id='word_1_47' title='bbox 513 1816 614 1894; x_wconf 87' lang='lat' dir='ltr'>Mi</span> <span class='ocrx_word' id='word_1_48' title='bbox 635 1816 762 1897; x_wconf 84' lang='lat' dir='ltr'>vir.</span> <span class='ocrx_word' id='word_1_49' title='bbox 793 1821 866 1892; x_wconf 87' lang='lat' dir='ltr'>C.</span> <span class='ocrx_word' id='word_1_50' title='bbox 905 1810 1292 1890; x_wconf 81' lang='lat' dir='ltr'>confitere...</span> <span class='ocrx_word' id='word_1_51' title='bbox 1334 1818 1409 1887; x_wconf 87' lang='lat' dir='ltr'>S.</span> <span class='ocrx_word' id='word_1_52' title='bbox 1438 1835 1562 1904; x_wconf 77' lang='lat' dir='ltr'>au,</span> <span class='ocrx_word' id='word_1_53' title='bbox 1586 1811 1866 1889; x_wconf 84' lang='lat' dir='ltr'>obsecro</span> <span class='ocrx_word' id='word_1_54' title='bbox 1890 1866 1918 1903; x_wconf 86' lang='lat'>‚</span> <span class='ocrx_word' id='word_1_55' title='bbox 1942 1809 2108 1885; x_wconf 82' lang='lat' dir='ltr'>istuc</span> <span class='ocrx_word' id='word_1_56' title='bbox 2134 1808 2373 1897; x_wconf 68' lang='lat' dir='ltr'>nostrie</span> 
     </span>
     <span class='ocr_line' id='line_1_10' title="bbox 779 1934 1263 2015; baseline -0.006 0"><span class='ocrx_word' id='word_1_57' title='bbox 779 1937 1069 2015; x_wconf 83' lang='lat' dir='ltr'>inimicis</span> <span class='ocrx_word' id='word_1_58' title='bbox 1124 1934 1263 2012; x_wconf 80' lang='lat' dir='ltr'>fiet.</span> 
     </span>
    </p>

    <p class='ocr_par' dir='ltr' id='par_1_7' title="bbox 443 2064 2369 2180">
     <span class='ocr_line' id='line_1_11' title="bbox 443 2064 2369 2180; baseline -0.006 -25"><span class='ocrx_word' id='word_1_59' title='bbox 443 2075 1020 2180; x_wconf 68' lang='lat' dir='ltr'>Egon&#39;confitaer,</span> <span class='ocrx_word' id='word_1_60' title='bbox 1047 2095 1277 2159; x_wconf 78' lang='lat' dir='ltr'>meum</span> <span class='ocrx_word' id='word_1_61' title='bbox 1299 2094 1442 2144; x_wconf 86' lang='lat' dir='ltr'>non</span> <span class='ocrx_word' id='word_1_62' title='bbox 1458 2069 1588 2146; x_wconf 80' lang='lat' dir='ltr'>esse</span> <span class='ocrx_word' id='word_1_63' title='bbox 1612 2064 1822 2143; x_wconf 79' lang='lat' dir='ltr'>filium</span> <span class='ocrx_word' id='word_1_64' title='bbox 1837 2116 1863 2155; x_wconf 92' lang='lat'>‚</span> <span class='ocrx_word' id='word_1_65' title='bbox 1888 2070 2008 2169; x_wconf 85' lang='lat' dir='ltr'>qui</span> <span class='ocrx_word' id='word_1_66' title='bbox 2038 2069 2117 2146; x_wconf 86' lang='lat' dir='ltr'>fit</span> <span class='ocrx_word' id='word_1_67' title='bbox 2132 2096 2317 2146; x_wconf 84' lang='lat' dir='ltr'>meus</span> <span class='ocrx_word' id='word_1_68' title='bbox 2342 2077 2369 2144; x_wconf 77' lang='lat'>?</span> 
     </span>
    </p>

    <p class='ocr_par' dir='ltr' id='par_1_8' title="bbox 446 2196 2371 2418">
     <span class='ocr_line' id='line_1_12' title="bbox 446 2196 2371 2300; baseline -0.003 -25"><span class='ocrx_word' id='word_1_69' title='bbox 446 2208 518 2276; x_wconf 82' lang='lat' dir='ltr'>C.</span> <span class='ocrx_word' id='word_1_70' title='bbox 544 2202 732 2300; x_wconf 83' lang='lat' dir='ltr'><strong>Quid</strong></span> <span class='ocrx_word' id='word_1_71' title='bbox 757 2198 1050 2276; x_wconf 73' lang='lat' dir='ltr'>metuis?</span> <span class='ocrx_word' id='word_1_72' title='bbox 1100 2222 1184 2271; x_wconf 87' lang='lat' dir='ltr'>ne</span> <span class='ocrx_word' id='word_1_73' title='bbox 1216 2218 1358 2269; x_wconf 88' lang='lat' dir='ltr'>non</span> <span class='ocrx_word' id='word_1_74' title='bbox 1377 2249 1401 2289; x_wconf 92' lang='lat'><strong>,</strong></span> <span class='ocrx_word' id='word_1_75' title='bbox 1429 2219 1586 2270; x_wconf 85' lang='lat' dir='ltr'>cum</span> <span class='ocrx_word' id='word_1_76' title='bbox 1614 2196 1783 2272; x_wconf 80' lang='lat' dir='ltr'>velis</span> <span class='ocrx_word' id='word_1_77' title='bbox 1804 2250 1827 2288; x_wconf 91' lang='lat'><strong>,</strong></span> <span class='ocrx_word' id='word_1_78' title='bbox 1853 2196 2218 2272; x_wconf 83' lang='lat' dir='ltr'>convincas</span> <span class='ocrx_word' id='word_1_79' title='bbox 2241 2196 2371 2270; x_wconf 83' lang='lat' dir='ltr'>effe</span> 
     </span>
     <span class='ocr_line' id='line_1_13' title="bbox 774 2322 2361 2418; baseline -0.005 -18"><span class='ocrx_word' id='word_1_80' title='bbox 774 2325 960 2399; x_wconf 83' lang='lat' dir='ltr'>illum</span> <span class='ocrx_word' id='word_1_81' title='bbox 1005 2325 1242 2396; x_wconf 82' lang='lat' dir='ltr'>tuum?</span> <span class='ocrx_word' id='word_1_82' title='bbox 2283 2346 2309 2392; x_wconf 81' lang='grc' dir='ltr'><strong>ι</strong></span> <span class='ocrx_word' id='word_1_83' title='bbox 2330 2322 2361 2418; x_wconf 77' lang='grc' dir='ltr'>ς’</span> 
     </span>
    </p>

    <p class='ocr_par' dir='ltr' id='par_1_9' title="bbox 444 2450 2373 2675">
     <span class='ocr_line' id='line_1_14' title="bbox 444 2450 2373 2560; baseline 0 -29"><span class='ocrx_word' id='word_1_84' title='bbox 444 2466 521 2531; x_wconf 82' lang='lat' dir='ltr'>S.</span> <span class='ocrx_word' id='word_1_85' title='bbox 551 2462 764 2554; x_wconf 84' lang='lat' dir='ltr'><strong>Quod</strong></span> <span class='ocrx_word' id='word_1_86' title='bbox 787 2459 923 2533; x_wconf 80' lang='lat' dir='ltr'>filia</span> <span class='ocrx_word' id='word_1_87' title='bbox 944 2457 1039 2533; x_wconf 85' lang='lat' dir='ltr'>est</span> <span class='ocrx_word' id='word_1_88' title='bbox 1072 2455 1390 2535; x_wconf 75' lang='lat' dir='ltr'>inventa?</span> <span class='ocrx_word' id='word_1_89' title='bbox 1444 2459 1515 2527; x_wconf 86' lang='lat' dir='ltr'>C.</span> <span class='ocrx_word' id='word_1_90' title='bbox 1549 2479 1724 2548; x_wconf 78' lang='lat' dir='ltr'>non,</span> <span class='ocrx_word' id='word_1_91' title='bbox 1757 2454 1866 2530; x_wconf 86' lang='lat' dir='ltr'>sed</span> <span class='ocrx_word' id='word_1_92' title='bbox 1891 2509 1916 2549; x_wconf 92' lang='lat'><strong><em>,</em></strong></span> <span class='ocrx_word' id='word_1_93' title='bbox 1942 2458 2129 2560; x_wconf 88' lang='lat' dir='ltr'><strong>quod</strong></span> <span class='ocrx_word' id='word_1_94' title='bbox 2176 2450 2373 2558; x_wconf 79' lang='lat' dir='ltr'>magi’</span> 
     </span>
     <span class='ocr_line' id='line_1_15' title="bbox 783 2582 1383 2675; baseline 0.01 -22"><span class='ocrx_word' id='word_1_95' title='bbox 783 2582 1184 2655; x_wconf 74' lang='lat' dir='ltr'>credendum</span> <span class='ocrx_word' id='word_1_96' title='bbox 1228 2582 1383 2675; x_wconf 83' lang='lat' dir='ltr'>fiet,</span> 
     </span>
    </p>
   </div>
   <div class='ocr_carea' id='block_1_5' title="bbox 443 2704 1682 2825">
    <p class='ocr_par' dir='ltr' id='par_1_10' title="bbox 443 2704 1682 2825">
     <span class='ocr_line' id='line_1_16' title="bbox 443 2704 1682 2825; baseline 0.007 -47"><span class='ocrx_word' id='word_1_97' title='bbox 443 2705 519 2780; x_wconf 85' lang='lat' dir='ltr'>Id</span> <span class='ocrx_word' id='word_1_98' title='bbox 547 2704 755 2825; x_wconf 82' lang='lat' dir='ltr'>¹quod</span> <span class='ocrx_word' id='word_1_99' title='bbox 800 2704 896 2780; x_wconf 86' lang='lat' dir='ltr'>est</span> <span class='ocrx_word' id='word_1_100' title='bbox 942 2705 1298 2785; x_wconf 77' lang='lat' dir='ltr'>confimilis</span> <span class='ocrx_word' id='word_1_101' title='bbox 1334 2710 1682 2804; x_wconf 70' lang='lat' dir='ltr'>moribus»,</span> 
     </span>
    </p>
   </div>
   <div class='ocr_carea' id='block_1_6' title="bbox 440 2841 2372 3067">
    <p class='ocr_par' dir='ltr' id='par_1_11' title="bbox 440 2841 2372 3067">
     <span class='ocr_line' id='line_1_17' title="bbox 440 2841 2372 2925; baseline -0.002 -2"><span class='ocrx_word' id='word_1_102' title='bbox 440 2842 833 2923; x_wconf 83' lang='lat' dir='ltr'>Convinces</span> <span class='ocrx_word' id='word_1_103' title='bbox 875 2841 1072 2920; x_wconf 84' lang='lat' dir='ltr'>facile</span> <span class='ocrx_word' id='word_1_104' title='bbox 1120 2870 1208 2921; x_wconf 82' lang='lat' dir='ltr'>ex</span> <span class='ocrx_word' id='word_1_105' title='bbox 1249 2864 1316 2925; x_wconf 87' lang='lat' dir='ltr'>te</span> <span class='ocrx_word' id='word_1_106' title='bbox 1355 2874 1634 2925; x_wconf 82' lang='lat' dir='ltr'>natum:</span> <span class='ocrx_word' id='word_1_107' title='bbox 1696 2875 1848 2924; x_wconf 88' lang='lat' dir='ltr'>nam</span> <span class='ocrx_word' id='word_1_108' title='bbox 1882 2847 1979 2923; x_wconf 92' lang='lat' dir='ltr'>tui</span> <span class='ocrx_word' id='word_1_109' title='bbox 2021 2845 2247 2922; x_wconf 71' lang='lat' dir='ltr'>{imilis</span> <span class='ocrx_word' id='word_1_110' title='bbox 2280 2844 2372 2919; x_wconf 80' lang='lat' dir='ltr'>est</span> 
     </span>
     <span class='ocr_line' id='line_1_18' title="bbox 778 2969 1044 3067; baseline 0.015 -25"><span class='ocrx_word' id='word_1_111' title='bbox 778 2969 1044 3067; x_wconf 67' lang='lat' dir='ltr'>probet</span> 
     </span>
    </p>
   </div>
   <div class='ocr_carea' id='block_1_7' title="bbox 440 3160 2375 4277">
    <p class='ocr_par' dir='ltr' id='par_1_12' title="bbox 440 3160 2375 4277">
     <span class='ocr_line' id='line_1_19' title="bbox 529 3160 2060 3244; baseline -0.001 -21"><span class='ocrx_word' id='word_1_112' title='bbox 529 3182 556 3223; x_wconf 85' lang='lat'>1</span> <span class='ocrx_word' id='word_1_113' title='bbox 601 3160 952 3244; x_wconf 81' lang='lat' dir='ltr'>Ambiguum</span> <span class='ocrx_word' id='word_1_114' title='bbox 984 3161 1081 3224; x_wconf 84' lang='lat' dir='ltr'>est.</span> <span class='ocrx_word' id='word_1_115' title='bbox 1126 3162 1352 3238; x_wconf 82' lang='lat' dir='ltr'>Faciet,</span> <span class='ocrx_word' id='word_1_116' title='bbox 1471 3163 1650 3224; x_wconf 81' lang='lat' dir='ltr'>actius</span> <span class='ocrx_word' id='word_1_117' title='bbox 1677 3162 1854 3223; x_wconf 80' lang='lat' dir='ltr'>mariti</span> <span class='ocrx_word' id='word_1_118' title='bbox 1888 3160 2060 3222; x_wconf 81' lang='lat' dir='ltr'>causa.</span> 
     </span>
     <span class='ocr_line' id='line_1_20' title="bbox 443 3252 2375 3338; baseline 0.002 -23"><span class='ocrx_word' id='word_1_119' title='bbox 443 3252 596 3336; x_wconf 84' lang='lat' dir='ltr'>quod</span> <span class='ocrx_word' id='word_1_120' title='bbox 625 3255 682 3313; x_wconf 82' lang='lat' dir='ltr'>in</span> <span class='ocrx_word' id='word_1_121' title='bbox 702 3256 895 3315; x_wconf 84' lang='lat' dir='ltr'>animo</span> <span class='ocrx_word' id='word_1_122' title='bbox 915 3255 1152 3317; x_wconf 78' lang='lat' dir='ltr'>habebat</span> <span class='ocrx_word' id='word_1_123' title='bbox 1167 3303 1189 3330; x_wconf 89' lang='lat'>,</span> <span class='ocrx_word' id='word_1_124' title='bbox 1216 3256 1253 3318; x_wconf 93' lang='lat' dir='ltr'>s.</span> <span class='ocrx_word' id='word_1_125' title='bbox 1285 3256 1353 3319; x_wconf 85' lang='lat' dir='ltr'>fi-</span> <span class='ocrx_word' id='word_1_126' title='bbox 1558 3277 1588 3338; x_wconf 83' lang='lat'>3</span> <span class='ocrx_word' id='word_1_127' title='bbox 1614 3255 1708 3318; x_wconf 83' lang='lat' dir='ltr'>Sic</span> <span class='ocrx_word' id='word_1_128' title='bbox 1726 3276 1757 3315; x_wconf 89' lang='lat' dir='ltr'>e</span> <span class='ocrx_word' id='word_1_129' title='bbox 1775 3255 1971 3316; x_wconf 74' lang='lat' dir='ltr'>Bemb.</span> <span class='ocrx_word' id='word_1_130' title='bbox 1992 3253 2165 3314; x_wconf 78' lang='lat' dir='ltr'>edidit</span> <span class='ocrx_word' id='word_1_131' title='bbox 2181 3252 2375 3318; x_wconf 85' lang='lat' dir='ltr'>Faern.</span> 
     </span>
     <span class='ocr_line' id='line_1_21' title="bbox 442 3346 2372 3433; baseline -0.001 -26"><span class='ocrx_word' id='word_1_132' title='bbox 442 3347 572 3413; x_wconf 84' lang='lat' dir='ltr'>lium</span> <span class='ocrx_word' id='word_1_133' title='bbox 593 3346 834 3408; x_wconf 83' lang='lat' dir='ltr'>terrebit.</span> <span class='ocrx_word' id='word_1_134' title='bbox 881 3346 964 3408; x_wconf 86' lang='lat' dir='ltr'>At</span> <span class='ocrx_word' id='word_1_135' title='bbox 998 3370 1137 3416; x_wconf 82' lang='lat' dir='ltr'>uxor</span> <span class='ocrx_word' id='word_1_136' title='bbox 1161 3367 1348 3433; x_wconf 69' lang='lat' dir='ltr'>putat3</span> <span class='ocrx_word' id='word_1_137' title='bbox 1469 3348 1671 3432; x_wconf 85' lang='lat' dir='ltr'>Neque</span> <span class='ocrx_word' id='word_1_138' title='bbox 1692 3350 1858 3433; x_wconf 84' lang='lat' dir='ltr'>igitur</span> <span class='ocrx_word' id='word_1_139' title='bbox 1877 3366 2003 3409; x_wconf 85' lang='lat' dir='ltr'>ante</span> <span class='ocrx_word' id='word_1_140' title='bbox 2030 3347 2169 3408; x_wconf 79' lang='lat' dir='ltr'>dixit</span> <span class='ocrx_word' id='word_1_141' title='bbox 2194 3346 2264 3409; x_wconf 90' lang='lat' dir='ltr'>de</span> <span class='ocrx_word' id='word_1_142' title='bbox 2287 3347 2372 3411; x_wconf 90' lang='lat' dir='ltr'>su.</span> 
     </span>
     <span class='ocr_line' id='line_1_22' title="bbox 441 3440 2372 3528; baseline -0.003 -21"><span class='ocrx_word' id='word_1_143' title='bbox 441 3460 572 3515; x_wconf 61' lang='lat' dir='ltr'>§.um</span> <span class='ocrx_word' id='word_1_144' title='bbox 593 3440 940 3513; x_wconf 78' lang='lat' dir='ltr'>nihilominus</span> <span class='ocrx_word' id='word_1_145' title='bbox 959 3444 1214 3507; x_wconf 83' lang='lat' dir='ltr'>abdicare</span> <span class='ocrx_word' id='word_1_146' title='bbox 1231 3444 1349 3508; x_wconf 81' lang='lat' dir='ltr'>vel·</span> <span class='ocrx_word' id='word_1_147' title='bbox 1466 3444 1707 3528; x_wconf 85' lang='lat' dir='ltr'>spicione</span> <span class='ocrx_word' id='word_1_148' title='bbox 1737 3466 1771 3505; x_wconf 85' lang='lat' dir='ltr'>a</span> <span class='ocrx_word' id='word_1_149' title='bbox 1804 3442 1916 3503; x_wconf 80' lang='lat' dir='ltr'>filio</span> <span class='ocrx_word' id='word_1_150' title='bbox 1944 3444 2372 3507; x_wconf 78' lang='lat' dir='ltr'>communicata.</span> 
     </span>
     <span class='ocr_line' id='line_1_23' title="bbox 440 3534 2370 3621; baseline 0.003 -25"><span class='ocrx_word' id='word_1_151' title='bbox 440 3535 492 3598; x_wconf 88' lang='lat' dir='ltr'>le</span> <span class='ocrx_word' id='word_1_152' title='bbox 526 3534 714 3600; x_wconf 79' lang='lat' dir='ltr'>filium.</span> <span class='ocrx_word' id='word_1_153' title='bbox 774 3536 860 3600; x_wconf 83' lang='lat' dir='ltr'>Ita</span> <span class='ocrx_word' id='word_1_154' title='bbox 900 3536 986 3599; x_wconf 83' lang='lat' dir='ltr'>ille</span> <span class='ocrx_word' id='word_1_155' title='bbox 1014 3538 1150 3600; x_wconf 82' lang='lat' dir='ltr'>ludit</span> <span class='ocrx_word' id='word_1_156' title='bbox 1186 3538 1346 3602; x_wconf 76' lang='lat' dir='ltr'>simul</span> <span class='ocrx_word' id='word_1_157' title='bbox 1466 3538 1639 3621; x_wconf 81' lang='lat' dir='ltr'><strong>Vulg.</strong></span> <span class='ocrx_word' id='word_1_158' title='bbox 1663 3537 1807 3601; x_wconf 82' lang='lat' dir='ltr'>male</span> <span class='ocrx_word' id='word_1_159' title='bbox 1836 3535 2065 3598; x_wconf 84' lang='lat' dir='ltr'>descivit</span> <span class='ocrx_word' id='word_1_160' title='bbox 2082 3537 2181 3601; x_wconf 77' lang='lat' dir='ltr'>ad:</span> <span class='ocrx_word' id='word_1_161' title='bbox 2203 3560 2330 3601; x_wconf 82' lang='lat' dir='ltr'>certe</span> <span class='ocrx_word' id='word_1_162' title='bbox 2349 3587 2370 3614; x_wconf 84' lang='lat'><em>,</em></span> 
     </span>
     <span class='ocr_line' id='line_1_24' title="bbox 444 3620 2372 3713; baseline 0.005 -25"><span class='ocrx_word' id='word_1_163' title='bbox 444 3620 693 3693; x_wconf 66' lang='lat' dir='ltr'>ux&#39;orem.</span> <span class='ocrx_word' id='word_1_164' title='bbox 1468 3632 1682 3713; x_wconf 77' lang='lat' dir='ltr'>inquam</span> <span class='ocrx_word' id='word_1_165' title='bbox 1701 3678 1720 3708; x_wconf 93' lang='lat'><strong>,</strong></span> <span class='ocrx_word' id='word_1_166' title='bbox 1752 3633 1823 3692; x_wconf 80' lang='lat' dir='ltr'>mi</span> <span class='ocrx_word' id='word_1_167' title='bbox 1861 3633 1964 3696; x_wconf 78' lang='lat' dir='ltr'>vir.</span> <span class='ocrx_word' id='word_1_168' title='bbox 1996 3631 2192 3696; x_wconf 86' lang='lat' dir='ltr'>Faern.</span> <span class='ocrx_word' id='word_1_169' title='bbox 2230 3657 2266 3696; x_wconf 85' lang='lat' dir='ltr'>a</span> <span class='ocrx_word' id='word_1_170' title='bbox 2299 3646 2372 3698; x_wconf 73' lang='grc' dir='ltr'>Ἴσι</span> 
     </span>
     <span class='ocr_line' id='line_1_25' title="bbox 527 3722 2235 3809; baseline 0.002 -27"><span class='ocrx_word' id='word_1_171' title='bbox 527 3744 561 3782; x_wconf 87' lang='lat'>2</span> <span class='ocrx_word' id='word_1_172' title='bbox 577 3723 654 3783; x_wconf 88' lang='lat' dir='ltr'>T.</span> <span class='ocrx_word' id='word_1_173' title='bbox 674 3722 853 3783; x_wconf 75' lang='lat' dir='ltr'>Faber</span> <span class='ocrx_word' id='word_1_174' title='bbox 869 3723 934 3783; x_wconf 70' lang='grc' dir='ltr'>δι</span> <span class='ocrx_word' id='word_1_175' title='bbox 951 3722 1209 3785; x_wconf 77' lang='lat' dir='ltr'>Dacieria</span> <span class='ocrx_word' id='word_1_176' title='bbox 1227 3746 1351 3787; x_wconf 80' lang='lat' dir='ltr'>ma-</span> <span class='ocrx_word' id='word_1_177' title='bbox 1466 3727 1537 3785; x_wconf 77' lang='lat' dir='ltr'>mi</span> <span class='ocrx_word' id='word_1_178' title='bbox 1570 3726 1658 3786; x_wconf 79' lang='lat' dir='ltr'>vir</span> <span class='ocrx_word' id='word_1_179' title='bbox 1674 3726 1880 3787; x_wconf 86' lang='lat' dir='ltr'>orditur</span> <span class='ocrx_word' id='word_1_180' title='bbox 1910 3724 2130 3787; x_wconf 82' lang='lat' dir='ltr'>versum</span> <span class='ocrx_word' id='word_1_181' title='bbox 2154 3727 2235 3809; x_wconf 89' lang='lat' dir='ltr'>sq.</span> 
     </span>
     <span class='ocr_line' id='line_1_26' title="bbox 444 3812 2374 3899; baseline 0.003 -24"><span class='ocrx_word' id='word_1_182' title='bbox 444 3814 547 3875; x_wconf 79' lang='lat' dir='ltr'>lint</span> <span class='ocrx_word' id='word_1_183' title='bbox 561 3814 966 3894; x_wconf 69' lang='lat' dir='ltr'>suspicetur-‚ut</span> <span class='ocrx_word' id='word_1_184' title='bbox 981 3812 1222 3877; x_wconf 64' lang='lat' dir='ltr'>futurum</span> <span class='ocrx_word' id='word_1_185' title='bbox 1243 3816 1344 3899; x_wconf 83' lang='lat' dir='ltr'>fig.</span> <span class='ocrx_word' id='word_1_186' title='bbox 1544 3840 1587 3895; x_wconf 76' lang='lat'>4</span> <span class='ocrx_word' id='word_1_187' title='bbox 1623 3819 1790 3881; x_wconf 85' lang='lat' dir='ltr'>Hunc</span> <span class='ocrx_word' id='word_1_188' title='bbox 1833 3820 2051 3884; x_wconf 71' lang='lat' dir='ltr'>verfinm</span> <span class='ocrx_word' id='word_1_189' title='bbox 2095 3823 2374 3884; x_wconf 83' lang='lat' dir='ltr'>reddimus</span> 
     </span>
     <span class='ocr_line' id='line_1_27' title="bbox 449 3905 2374 3991; baseline 0.005 -25"><span class='ocrx_word' id='word_1_190' title='bbox 449 3905 653 3968; x_wconf 84' lang='lat' dir='ltr'>nificet.</span> <span class='ocrx_word' id='word_1_191' title='bbox 673 3905 968 3991; x_wconf 76' lang='lat' dir='ltr'>Repugnat</span> <span class='ocrx_word' id='word_1_192' title='bbox 987 3908 1151 3970; x_wconf 83' lang='lat' dir='ltr'>valde</span> <span class='ocrx_word' id='word_1_193' title='bbox 1175 3910 1350 3977; x_wconf 81' lang='lat' dir='ltr'>Bentl.</span> <span class='ocrx_word' id='word_1_194' title='bbox 1467 3934 1595 3977; x_wconf 85' lang='lat' dir='ltr'>cum</span> <span class='ocrx_word' id='word_1_195' title='bbox 1620 3914 1766 3978; x_wconf 70' lang='lat' dir='ltr'>Coei.</span> <span class='ocrx_word' id='word_1_196' title='bbox 1795 3917 1989 3980; x_wconf 86' lang='lat' dir='ltr'>Bemb.</span> <span class='ocrx_word' id='word_1_197' title='bbox 2014 3918 2076 3980; x_wconf 89' lang='lat'>&amp;</span> <span class='ocrx_word' id='word_1_198' title='bbox 2096 3918 2252 3980; x_wconf 77' lang='lat' dir='ltr'>simul</span> <span class='ocrx_word' id='word_1_199' title='bbox 2279 3939 2374 3979; x_wconf 83' lang='lat' dir='ltr'>ex-</span> 
     </span>
     <span class='ocr_line' id='line_1_28' title="bbox 448 4002 2365 4094; baseline 0.002 -28"><span class='ocrx_word' id='word_1_200' title='bbox 448 4003 508 4071; x_wconf 90' lang='lat' dir='ltr'>N</span> <span class='ocrx_word' id='word_1_201' title='bbox 508 4025 574 4067; x_wconf 75' lang='lat' dir='ltr'>os</span> <span class='ocrx_word' id='word_1_202' title='bbox 602 4025 693 4066; x_wconf 67' lang='lat' dir='ltr'>ms</span> <span class='ocrx_word' id='word_1_203' title='bbox 712 4005 830 4067; x_wconf 73' lang='lat' dir='ltr'>lites</span> <span class='ocrx_word' id='word_1_204' title='bbox 851 4002 1061 4067; x_wconf 78' lang='lat' dir='ltr'>nostras</span> <span class='ocrx_word' id='word_1_205' title='bbox 1087 4026 1200 4066; x_wconf 88' lang='lat' dir='ltr'>non</span> <span class='ocrx_word' id='word_1_206' title='bbox 1219 4005 1349 4069; x_wconf 82' lang='lat' dir='ltr'>faci-</span> <span class='ocrx_word' id='word_1_207' title='bbox 1470 4013 1765 4091; x_wconf 74' lang='lat' dir='ltr'>pungimus</span> <span class='ocrx_word' id='word_1_208' title='bbox 1790 4031 1839 4075; x_wconf 83' lang='lat' dir='ltr'>te</span> <span class='ocrx_word' id='word_1_209' title='bbox 1864 4012 1988 4094; x_wconf 88' lang='lat' dir='ltr'>post</span> <span class='ocrx_word' id='word_1_210' title='bbox 2014 4015 2218 4094; x_wconf 76' lang='lat' dir='ltr'>obstem</span> <span class='ocrx_word' id='word_1_211' title='bbox 2233 4057 2253 4083; x_wconf 90' lang='lat'><em>,</em></span> <span class='ocrx_word' id='word_1_212' title='bbox 2276 4014 2365 4070; x_wconf 89' lang='lat' dir='ltr'>iu-</span> 
     </span>
     <span class='ocr_line' id='line_1_29' title="bbox 445 4093 2370 4184; baseline 0.003 -29"><span class='ocrx_word' id='word_1_213' title='bbox 445 4116 585 4179; x_wconf 60' lang='lat' dir='ltr'><strong>gnus.</strong></span> <span class='ocrx_word' id='word_1_214' title='bbox 654 4093 870 4175; x_wconf 79' lang='lat' dir='ltr'><strong>Quidni</strong></span> <span class='ocrx_word' id='word_1_215' title='bbox 915 4100 1068 4160; x_wconf 83' lang='lat' dir='ltr'>enim</span> <span class='ocrx_word' id='word_1_216' title='bbox 1108 4094 1347 4161; x_wconf 79' lang='lat' dir='ltr'>Sostrata</span> <span class='ocrx_word' id='word_1_217' title='bbox 1467 4099 1630 4162; x_wconf 84' lang='lat' dir='ltr'>bente</span> <span class='ocrx_word' id='word_1_218' title='bbox 1644 4099 1768 4166; x_wconf 88' lang='lat' dir='ltr'>MS.</span> <span class='ocrx_word' id='word_1_219' title='bbox 1783 4109 2077 4169; x_wconf 83' lang='lat' dir='ltr'>veterrimo</span> <span class='ocrx_word' id='word_1_220' title='bbox 2092 4126 2177 4184; x_wconf 85' lang='lat' dir='ltr'>ap.</span> <span class='ocrx_word' id='word_1_221' title='bbox 2195 4100 2370 4163; x_wconf 82' lang='lat' dir='ltr'>Bentl.</span> 
     </span>
     <span class='ocr_line' id='line_1_30' title="bbox 444 4188 2369 4277; baseline -0.002 -29"><span class='ocrx_word' id='word_1_222' title='bbox 444 4206 690 4255; x_wconf 76' lang='lat' dir='ltr'>metuens</span> <span class='ocrx_word' id='word_1_223' title='bbox 711 4188 875 4253; x_wconf 82' lang='lat' dir='ltr'>futuri</span> <span class='ocrx_word' id='word_1_224' title='bbox 907 4189 940 4252; x_wconf 88' lang='grc'>1.</span> <span class='ocrx_word' id='word_1_225' title='bbox 974 4190 1046 4252; x_wconf 83' lang='lat' dir='ltr'>ad</span> <span class='ocrx_word' id='word_1_226' title='bbox 1065 4192 1350 4253; x_wconf 87' lang='lat' dir='ltr'>certitudi-</span> <span class='ocrx_word' id='word_1_227' title='bbox 1471 4192 1507 4256; x_wconf 87' lang='lat' dir='ltr'>l.</span> <span class='ocrx_word' id='word_1_228' title='bbox 1524 4194 1835 4277; x_wconf 78' lang='lat' dir='ltr'>potiusipso</span> <span class='ocrx_word' id='word_1_229' title='bbox 1861 4198 2046 4258; x_wconf 81' lang='lat' dir='ltr'>nostro</span> <span class='ocrx_word' id='word_1_230' title='bbox 2061 4192 2240 4255; x_wconf 84' lang='lat' dir='ltr'><strong>Andr.</strong></span> <span class='ocrx_word' id='word_1_231' title='bbox 2258 4188 2369 4264; x_wconf 88' lang='lat' dir='ltr'>lv,</span> 
     </span>
    </p>
   </div>
   <div class='ocr_carea' id='block_1_8' title="bbox 329 4280 2367 4369">
    <p class='ocr_par' dir='ltr' id='par_1_13' title="bbox 329 4280 2367 4369">
     <span class='ocr_line' id='line_1_31' title="bbox 329 4280 2367 4369; baseline 0.002 -28"><span class='ocrx_word' id='word_1_232' title='bbox 329 4304 344 4323; x_wconf 75' lang='lat'>=</span> <span class='ocrx_word' id='word_1_233' title='bbox 445 4301 574 4342; x_wconf 83' lang='lat' dir='ltr'>nem</span> <span class='ocrx_word' id='word_1_234' title='bbox 601 4299 784 4345; x_wconf 80' lang='lat' dir='ltr'>utatur</span> <span class='ocrx_word' id='word_1_235' title='bbox 806 4282 1097 4366; x_wconf 80' lang='lat' dir='ltr'>praesenti,</span> <span class='ocrx_word' id='word_1_236' title='bbox 1118 4286 1151 4347; x_wconf 94' lang='lat'>1.</span> <span class='ocrx_word' id='word_1_237' title='bbox 1174 4286 1342 4349; x_wconf 82' lang='lat' dir='ltr'>etiam</span> <span class='ocrx_word' id='word_1_238' title='bbox 1473 4304 1541 4369; x_wconf 83' lang='lat'>5,</span> <span class='ocrx_word' id='word_1_239' title='bbox 1563 4307 1661 4363; x_wconf 82' lang='lat'>42.</span> <span class='ocrx_word' id='word_1_240' title='bbox 1681 4285 2011 4367; x_wconf 84' lang='lat' dir='ltr'>Eun.1V,3</span> <span class='ocrx_word' id='word_1_241' title='bbox 2033 4330 2054 4356; x_wconf 90' lang='lat'>,</span> <span class='ocrx_word' id='word_1_242' title='bbox 2085 4305 2153 4359; x_wconf 85' lang='lat'>¹4</span> <span class='ocrx_word' id='word_1_243' title='bbox 2181 4280 2367 4346; x_wconf 82' lang='lat' dir='ltr'>&amp;Ph-</span> 
     </span>
    </p>
   </div>
   <div class='ocr_carea' id='block_1_9' title="bbox 445 4372 2127 4464">
    <p class='ocr_par' dir='ltr' id='par_1_14' title="bbox 445 4372 2127 4464">
     <span class='ocr_line' id='line_1_32' title="bbox 445 4372 2127 4464; baseline 0.004 -30"><span class='ocrx_word' id='word_1_244' title='bbox 445 4372 501 4435; x_wconf 90' lang='lat' dir='ltr'>se</span> <span class='ocrx_word' id='word_1_245' title='bbox 544 4375 602 4436; x_wconf 87' lang='lat' dir='ltr'>id</span> <span class='ocrx_word' id='word_1_246' title='bbox 640 4374 776 4441; x_wconf 82' lang='lat' dir='ltr'>scire</span> <span class='ocrx_word' id='word_1_247' title='bbox 824 4376 997 4463; x_wconf 76' lang='lat' dir='ltr'>fingat</span> <span class='ocrx_word' id='word_1_248' title='bbox 1033 4379 1347 4464; x_wconf 80' lang='lat' dir='ltr'>explorandi</span> <span class='ocrx_word' id='word_1_249' title='bbox 1469 4379 1666 4459; x_wconf 84' lang='lat' dir='ltr'>V,1,</span> <span class='ocrx_word' id='word_1_250' title='bbox 1697 4379 1909 4463; x_wconf 85' lang='lat' dir='ltr'>27.V‚</span> <span class='ocrx_word' id='word_1_251' title='bbox 1944 4395 2127 4458; x_wconf 85' lang='lat'><em>3,20.</em></span> 
     </span>
    </p>
   </div>
  </div>
 </body>
</html>
