2809 5234
252 501 321 571 ιω
451 478 555 573 'n
605 492 997 580 Tntnutrt

246 639 457 729 Communia
479 656 547 732 elle
568 659 681 733 haec:
713 685 757 733 ne
783 660 867 759 quid
894 660 1022 734 horum
1057 687 1215 762 unquam

374 783 378 791 “
432 781 550 853 animo
573 783 707 856 aecidat
730 808 891 856 novum:
1167 777 1209 878 ἐς

244 895 426 997 Quidquid
452 918 588 993 praeter
611 900 708 999 spem
733 905 902 997 eveniat,
921 928 1027 977 omne
1044 903 1081 979 id
1099 906 1214 1004 depu-

436 1039 540 1098 tare¹
565 1026 632 1098 elle
659 1028 695 1099 in
721 1026 833 1102 lucro.

243 1156 287 1226 G.
308 1154 344 1226 0
359 1147 525 1226 Phaedria
540 1207 552 1242 ‚
567 1154 771 1227 incredibile
791 1174 962 1254 quantum
978 1174 991 1208 ²
1011 1157 1131 1231 herum
1146 1185 1211 1231 an·

430 1296 512 1351 teeo
531 1276 707 1373 sapientia.

239 1395 407 1468 Meditata
419 1393 503 1465 mihi
516 1389 595 1463 sunt
612 1390 730 1463 omnia
740 1417 818 1465 mea
833 1394 1078 1471 incommoda:
1098 1386 1207 1472 heru'

427 1514 452 1584 st
474 1511 615 1585 redierit
630 1535 642 1597 ;

237 1638 444 1711 Molendum
464 1654 475 1699 ³
492 1634 599 1735 usque
616 1637 653 1708 in
669 1634 840 1734 pistrino,
855 1637 1090 1732 vapulandum
1107 1694 1119 1729 ,
1141 1641 1205 1713 ha-

425 1756 557 1828 bendae
582 1757 797 1853 compedes,

234 1885 335 1982 Opus
354 1881 427 1956 ruri
442 1881 654 1956 faciundum.
682 1881 809 1954 horum
824 1880 874 1952 nil
893 1879 1084 1980 quidquam
1105 1887 1201 1956 acei-

441 2006 500 2078 det
524 2004 641 2077 animo
666 2029 815 2077 novum.
1150 2031 1200 2080 20

226 2109 414 2232 ¹Quidquid
423 2149 559 2228 praeter
574 2128 669 2228 spem
685 2129 950 2220 eveniet‚omne
962 2126 999 2200 id
1017 2127 1197 2226 deputabo

430 2253 551 2328 else‘in
573 2254 685 2328 luero.

230 2378 297 2452 Sed
324 2397 365 2450 tu
392 2379 476 2478 quid
496 2379 600 2454 cellas
625 2379 804 2454 hominem
824 2379 922 2453 adire.
932 2433 947 2470 ,
962 2397 998 2453 et
1011 2369 1134 2452 Blande
1155 2378 1193 2451 in

424 2499 596 2595 principio
615 2499 777 2599 alloqui?

226 2626 279 2695 D.
306 2623 376 2696 Mei
400 2622 513 2697 fratris
529 2627 636 2698 video
656 2625 766 2697 filium
785 2625 832 2696 mi
854 2624 903 2695 ire
920 2621 1074 2696 obviam.

226 2752 273 2825 P.
293 2751 343 2822 Mi
358 2767 498 2847 patrue,
520 2749 624 2825 salve.
649 2754 701 2825 D.
727 2750 831 2824 salve.
865 2746 922 2823 sed
953 2747 1014 2822 ubi
1039 2745 1087 2819 est
1112 2749 1186 2821 An·

385 2945 395 2952 ,
424 2874 524 2971 tipho
543 2875 589 2945 ⁴?

223 3139 330 3225 fignat,
348 3143 427 3227 quod
441 3140 523 3224 supra
542 3163 566 3199 v.
583 3162 595 3217 3
599 3139 628 3219 s
651 3186 658 3202 .
741 3161 791 3197 nas
815 3137 836 3198 l.
861 3160 998 3197 aerumnas
1027 3142 1184 3208 vocando,

221 3246 312 3302 auclzx
333 3246 448 3305 dixerat.
741 3263 814 3325 quae
839 3239 887 3298 fibi
919 3237 999 3296 servo
1031 3243 1184 3300 metuenda

252 3369 276 3405 ·1
292 3350 359 3410 scit
372 3373 483 3433 oportet,
497 3352 618 3440 quodex
630 3374 656 3413 v.
741 3350 792 3409 lint
806 3396 815 3424 ,
833 3368 862 3409 ut
880 3348 915 3408 ste
930 3347 989 3432 ipse
1007 3346 1089 3406 fortis
1107 3349 1184 3408 visus

162 3445 169 3461 ‘
225 3475 257 3515 12
280 3462 476 3537 repetendum.
741 3459 810 3520 forti
822 3460 977 3521 Phaedriae
990 3457 1101 3519 attollat
1120 3463 1182 3519 ani-

261 3585 276 3620 2
295 3561 315 3622 s.
327 3565 430 3621 mirum
441 3587 586 3649 quantum.
598 3565 659 3628 Co·
742 3588 831 3626 nrum.

217 3667 291 3730 mite
311 3689 404 3730 antem
419 3672 495 3732 Geta
512 3674 557 3733 sna
573 3674 656 3745 faeie,
783 3696 795 3751 3
818 3676 873 3731 lnt.
887 3673 956 3731 mihi
969 3676 1016 3733 est.

218 3798 288 3861 quae
306 3779 417 3838 Demea
429 3800 503 3837 nune
520 3779 580 3838 sero
597 3802 656 3838 rne-
778 3779 959 3856 4Promptus
970 3779 1101 3858 iurgandi
1112 3799 1178 3839 curn

216 3881 317 3940 ditatus
333 3883 387 3954 est,
400 3902 588 3967 extenuatque
597 3929 604 3955 ‚
613 3886 655 3942 in-
738 3879 809 3952 lilio,
818 3882 934 3940 blandas
947 3884 1077 3963 ambages
1090 3883 1180 3941 Phne-

209 3990 342 4047 eommoda
353 3988 453 4067 potius
465 4031 476 4058 ,
490 4010 575 4074 quam
589 4008 652 4070 pae-
735 3985 812 4044 driae
832 3985 1000 4064 abrumpere
1023 3987 1091 4049 vult.
1116 3989 1176 4051 Sed
