<?xml version="1.0" encoding="UTF-8"?>
<!DOCTYPE html PUBLIC "-//W3C//DTD XHTML 1.0 Transitional//EN"
    "http://www.w3.org/TR/xhtml1/DTD/xhtml1-transitional.dtd">
<html xmlns="http://www.w3.org/1999/xhtml" xml:lang="en" lang="en">
 <head>
  <title>
</title>
<meta http-equiv="Content-Type" content="text/html;charset=utf-8" />
  <meta name='ocr-system' content='tesseract 3.04.00' />
  <meta name='ocr-capabilities' content='ocr_page ocr_carea ocr_par ocr_line ocrx_word'/>
</head>
<body>
  <div class='ocr_page' id='page_1' title='image "./publiiterentiia00teregoog_0274.png"; bbox 0 0 2809 5234; ppageno 0'>
   <div class='ocr_carea' id='block_1_1' title="bbox 213 805 981 885">
    <p class='ocr_par' dir='ltr' id='par_1_1' title="bbox 213 805 981 885">
     <span class='ocr_line' id='line_1_1' title="bbox 213 805 981 885; baseline -0.008 -1"><span class='ocrx_word' id='word_1_1' title='bbox 213 812 310 885; x_wconf 81' lang='lat'>-226</span> <span class='ocrx_word' id='word_1_2' title='bbox 425 827 430 849; x_wconf 87' lang='grc'>··</span> <span class='ocrx_word' id='word_1_3' title='bbox 510 808 544 879; x_wconf 86' lang='grc' dir='ltr'>Ρ.</span> <span class='ocrx_word' id='word_1_4' title='bbox 591 805 981 880; x_wconf 84' lang='lat' dir='ltr'>TEllENTli</span> 
     </span>
    </p>
   </div>
   <div class='ocr_carea' id='block_1_2' title="bbox 171 966 1210 1694">
    <p class='ocr_par' dir='ltr' id='par_1_2' title="bbox 240 966 1209 1193">
     <span class='ocr_line' id='line_1_2' title="bbox 240 966 1209 1068; baseline -0.001 -21"><span class='ocrx_word' id='word_1_5' title='bbox 240 976 315 1047; x_wconf 75' lang='lat' dir='ltr'>ctu.</span> <span class='ocrx_word' id='word_1_6' title='bbox 330 970 421 1045; x_wconf 70' lang='lat' dir='ltr'>suto.</span> <span class='ocrx_word' id='word_1_7' title='bbox 440 974 475 1040; x_wconf 87' lang='lat' dir='ltr'>S.</span> <span class='ocrx_word' id='word_1_8' title='bbox 492 968 537 1041; x_wconf 82' lang='lat' dir='ltr'>ita</span> <span class='ocrx_word' id='word_1_9' title='bbox 550 994 601 1042; x_wconf 84' lang='lat' dir='ltr'>res</span> <span class='ocrx_word' id='word_1_10' title='bbox 623 969 685 1055; x_wconf 81' lang='lat' dir='ltr'>est,</span> <span class='ocrx_word' id='word_1_11' title='bbox 705 968 787 1044; x_wconf 84' lang='lat' dir='ltr'>haec</span> <span class='ocrx_word' id='word_1_12' title='bbox 807 994 897 1043; x_wconf 83' lang='lat' dir='ltr'>nunc</span> <span class='ocrx_word' id='word_1_13' title='bbox 911 966 1002 1068; x_wconf 84' lang='lat' dir='ltr'>quafi</span> <span class='ocrx_word' id='word_1_14' title='bbox 1016 992 1094 1042; x_wconf 89' lang='lat' dir='ltr'>cum</span> <span class='ocrx_word' id='word_1_15' title='bbox 1105 992 1160 1026; x_wconf 76' lang='lat'><strong>···&#39;</strong></span> <span class='ocrx_word' id='word_1_16' title='bbox 1182 988 1209 1046; x_wconf 90' lang='lat'>¹.</span> 
     </span>
     <span class='ocr_line' id='line_1_3' title="bbox 413 1092 1032 1193; baseline -0.003 -27"><span class='ocrx_word' id='word_1_17' title='bbox 413 1098 487 1168; x_wconf 81' lang='lat' dir='ltr'>Clit.</span> <span class='ocrx_word' id='word_1_18' title='bbox 504 1120 608 1193; x_wconf 85' lang='lat' dir='ltr'>quas,</span> <span class='ocrx_word' id='word_1_19' title='bbox 624 1095 771 1181; x_wconf 86' lang='lat' dir='ltr'>malum,</span> <span class='ocrx_word' id='word_1_20' title='bbox 783 1094 936 1192; x_wconf 82' lang='lat' dir='ltr'>ambages</span> <span class='ocrx_word' id='word_1_21' title='bbox 951 1092 1032 1164; x_wconf 84' lang='lat' dir='ltr'>milti</span> 
     </span>
    </p>

    <p class='ocr_par' dir='ltr' id='par_1_3' title="bbox 238 1208 1206 1418">
     <span class='ocr_line' id='line_1_4' title="bbox 238 1208 1206 1318; baseline -0.005 -20"><span class='ocrx_word' id='word_1_22' title='bbox 238 1225 381 1298; x_wconf 81' lang='lat' dir='ltr'>Narrare</span> <span class='ocrx_word' id='word_1_23' title='bbox 395 1218 547 1317; x_wconf 83' lang='lat' dir='ltr'>occipiti</span> <span class='ocrx_word' id='word_1_24' title='bbox 570 1222 650 1290; x_wconf 79' lang='lat' dir='ltr'>Clt&#39;n.</span> <span class='ocrx_word' id='word_1_25' title='bbox 662 1208 764 1318; x_wconf 70' lang='lat' dir='ltr'>Syri,</span> <span class='ocrx_word' id='word_1_26' title='bbox 778 1242 898 1295; x_wconf 85' lang='lat' dir='ltr'>vetum</span> <span class='ocrx_word' id='word_1_27' title='bbox 911 1219 966 1292; x_wconf 89' lang='lat' dir='ltr'>hic</span> <span class='ocrx_word' id='word_1_28' title='bbox 982 1220 1074 1294; x_wconf 85' lang='lat' dir='ltr'>dicit.</span> <span class='ocrx_word' id='word_1_29' title='bbox 1088 1219 1206 1294; x_wconf 85' lang='lat' dir='ltr'>mitre:</span> 
     </span>
     <span class='ocr_line' id='line_1_5' title="bbox 410 1342 634 1418; baseline -0.018 0"><span class='ocrx_word' id='word_1_30' title='bbox 410 1346 452 1418; x_wconf 87' lang='lat' dir='ltr'>ad</span> <span class='ocrx_word' id='word_1_31' title='bbox 470 1369 539 1416; x_wconf 86' lang='lat' dir='ltr'>rem</span> <span class='ocrx_word' id='word_1_32' title='bbox 554 1342 634 1415; x_wconf 82' lang='lat' dir='ltr'>redi.</span> 
     </span>
    </p>

    <p class='ocr_par' dir='ltr' id='par_1_4' title="bbox 238 1467 1210 1564">
     <span class='ocr_line' id='line_1_6' title="bbox 238 1467 1210 1564; baseline -0.002 -18"><span class='ocrx_word' id='word_1_33' title='bbox 238 1472 387 1546; x_wconf 65' lang='lat' dir='ltr'>munim</span> <span class='ocrx_word' id='word_1_34' title='bbox 400 1493 485 1546; x_wconf 84' lang='lat' dir='ltr'>vero</span> <span class='ocrx_word' id='word_1_35' title='bbox 496 1469 633 1541; x_wconf 82' lang='lat' dir='ltr'>reticete</span> <span class='ocrx_word' id='word_1_36' title='bbox 643 1490 776 1564; x_wconf 82' lang='lat' dir='ltr'>nequeo</span> <span class='ocrx_word' id='word_1_37' title='bbox 792 1479 829 1556; x_wconf 62' lang='grc' dir='ltr'>’,ε</span> <span class='ocrx_word' id='word_1_38' title='bbox 846 1467 1054 1542; x_wconf 80' lang='lat' dir='ltr'>multimodis</span> <span class='ocrx_word' id='word_1_39' title='bbox 1066 1467 1210 1544; x_wconf 81' lang='lat' dir='ltr'>iniurius</span> 
     </span>
    </p>

    <p class='ocr_par' dir='ltr' id='par_1_5' title="bbox 171 1589 1208 1694">
     <span class='ocr_line' id='line_1_7' title="bbox 171 1589 1208 1694; baseline -0.007 -22"><span class='ocrx_word' id='word_1_40' title='bbox 171 1622 173 1627; x_wconf 86' lang='lat'>·</span> <span class='ocrx_word' id='word_1_41' title='bbox 238 1597 389 1694; x_wconf 81' lang='lat' dir='ltr'>Clitipho</span> <span class='ocrx_word' id='word_1_42' title='bbox 411 1619 465 1668; x_wconf 85' lang='lat' dir='ltr'>es:</span> <span class='ocrx_word' id='word_1_43' title='bbox 491 1614 599 1689; x_wconf 87' lang='lat' dir='ltr'>neque</span> <span class='ocrx_word' id='word_1_44' title='bbox 620 1589 699 1663; x_wconf 80' lang='lat' dir='ltr'>ferri</span> <span class='ocrx_word' id='word_1_45' title='bbox 721 1593 809 1689; x_wconf 88' lang='lat' dir='ltr'>potis</span> <span class='ocrx_word' id='word_1_46' title='bbox 831 1616 877 1666; x_wconf 60' lang='lat' dir='ltr'>ec</span> <span class='ocrx_word' id='word_1_47' title='bbox 903 1595 986 1663; x_wconf 71' lang='lat' dir='ltr'>cria.</span> <span class='ocrx_word' id='word_1_48' title='bbox 1006 1592 1208 1666; x_wconf 88' lang='lat' dir='ltr'>audiendum</span> 
     </span>
    </p>
   </div>
   <div class='ocr_carea' id='block_1_3' title="bbox 105 1712 1314 1943">
    <p class='ocr_par' dir='ltr' id='par_1_6' title="bbox 105 1712 1314 1943">
     <span class='ocr_line' id='line_1_8' title="bbox 411 1712 1314 1792; baseline -0.001 0"><span class='ocrx_word' id='word_1_49' title='bbox 411 1718 522 1792; x_wconf 89' lang='lat' dir='ltr'>hercle</span> <span class='ocrx_word' id='word_1_50' title='bbox 538 1714 604 1789; x_wconf 82' lang='lat' dir='ltr'>elit</span> <span class='ocrx_word' id='word_1_51' title='bbox 630 1735 713 1791; x_wconf 78' lang='lat' dir='ltr'>tace.</span> <span class='ocrx_word' id='word_1_52' title='bbox 830 1712 841 1743; x_wconf 86' lang='lat'><em>&#39;</em></span> <span class='ocrx_word' id='word_1_53' title='bbox 1160 1717 1208 1792; x_wconf 87' lang='lat'>80</span> <span class='ocrx_word' id='word_1_54' title='bbox 1307 1746 1314 1757; x_wconf 93' lang='lat'><strong>·</strong></span> 
     </span>
     <span class='ocr_line' id='line_1_9' title="bbox 105 1839 1208 1943; baseline -0.004 -23"><span class='ocrx_word' id='word_1_55' title='bbox 105 1936 109 1943; x_wconf 91' lang='lat'>.</span> <span class='ocrx_word' id='word_1_56' title='bbox 182 1853 188 1861; x_wconf 85' lang='lat'>&#39;</span> <span class='ocrx_word' id='word_1_57' title='bbox 239 1853 277 1919; x_wconf 84' lang='lat' dir='ltr'>S.</span> <span class='ocrx_word' id='word_1_58' title='bbox 289 1846 351 1919; x_wconf 87' lang='lat' dir='ltr'>Vis</span> <span class='ocrx_word' id='word_1_59' title='bbox 374 1867 505 1941; x_wconf 76' lang='lat' dir='ltr'>amare:</span> <span class='ocrx_word' id='word_1_60' title='bbox 531 1841 584 1914; x_wconf 82' lang='lat' dir='ltr'>vis</span> <span class='ocrx_word' id='word_1_61' title='bbox 603 1842 727 1939; x_wconf 77' lang='lat' dir='ltr'>potiri-t</span> <span class='ocrx_word' id='word_1_62' title='bbox 751 1839 825 1930; x_wconf 81' lang='lat' dir='ltr'>vis,</span> <span class='ocrx_word' id='word_1_63' title='bbox 840 1839 934 1938; x_wconf 89' lang='lat' dir='ltr'>quod</span> <span class='ocrx_word' id='word_1_64' title='bbox 948 1840 1008 1914; x_wconf 79' lang='lat' dir='ltr'>des</span> <span class='ocrx_word' id='word_1_65' title='bbox 1022 1839 1092 1931; x_wconf 87' lang='lat' dir='ltr'>illi,</span> <span class='ocrx_word' id='word_1_66' title='bbox 1108 1841 1208 1916; x_wconf 84' lang='lat' dir='ltr'>effici.</span> 
     </span>
    </p>
   </div>
   <div class='ocr_carea' id='block_1_4' title="bbox 237 1976 1206 2200">
    <p class='ocr_par' dir='ltr' id='par_1_7' title="bbox 237 1976 1206 2200">
     <span class='ocr_line' id='line_1_10' title="bbox 237 1976 1206 2077; baseline -0.005 -23"><span class='ocrx_word' id='word_1_67' title='bbox 237 1982 353 2054; x_wconf 87' lang='lat' dir='ltr'>Tuum</span> <span class='ocrx_word' id='word_1_68' title='bbox 385 1978 451 2052; x_wconf 86' lang='lat' dir='ltr'>effe</span> <span class='ocrx_word' id='word_1_69' title='bbox 482 1979 517 2051; x_wconf 90' lang='lat' dir='ltr'>in</span> <span class='ocrx_word' id='word_1_70' title='bbox 547 1978 717 2075; x_wconf 88' lang='lat' dir='ltr'>potiundo</span> <span class='ocrx_word' id='word_1_71' title='bbox 743 1977 904 2077; x_wconf 86' lang='lat' dir='ltr'>periclum</span> <span class='ocrx_word' id='word_1_72' title='bbox 931 1998 1000 2050; x_wconf 86' lang='lat' dir='ltr'>nott</span> <span class='ocrx_word' id='word_1_73' title='bbox 1023 1976 1084 2052; x_wconf 76' lang='lat' dir='ltr'>vis.</span> <span class='ocrx_word' id='word_1_74' title='bbox 1117 1977 1206 2049; x_wconf 88' lang='lat' dir='ltr'>haud</span> 
     </span>
     <span class='ocr_line' id='line_1_11' title="bbox 410 2103 641 2200; baseline 0 -25"><span class='ocrx_word' id='word_1_75' title='bbox 410 2103 507 2177; x_wconf 80' lang='lat' dir='ltr'>stulte</span> <span class='ocrx_word' id='word_1_76' title='bbox 534 2104 641 2200; x_wconf 83' lang='lat' dir='ltr'>sapis:</span> 
     </span>
    </p>
   </div>
   <div class='ocr_carea' id='block_1_5' title="bbox 238 2231 1205 2339">
    <p class='ocr_par' dir='ltr' id='par_1_8' title="bbox 238 2231 1205 2339">
     <span class='ocr_line' id='line_1_12' title="bbox 238 2231 1205 2339; baseline -0.006 -27"><span class='ocrx_word' id='word_1_77' title='bbox 238 2239 407 2339; x_wconf 85' lang='lat' dir='ltr'>Siquidem</span> <span class='ocrx_word' id='word_1_78' title='bbox 421 2237 457 2310; x_wconf 88' lang='lat' dir='ltr'>id</span> <span class='ocrx_word' id='word_1_79' title='bbox 472 2239 584 2336; x_wconf 82' lang='lat' dir='ltr'>sapere</span> <span class='ocrx_word' id='word_1_80' title='bbox 599 2235 647 2310; x_wconf 82' lang='lat' dir='ltr'>est</span> <span class='ocrx_word' id='word_1_81' title='bbox 657 2290 669 2324; x_wconf 92' lang='lat'><em>‚</em></span> <span class='ocrx_word' id='word_1_82' title='bbox 681 2237 768 2312; x_wconf 81' lang='lat' dir='ltr'>velle</span> <span class='ocrx_word' id='word_1_83' title='bbox 782 2254 815 2310; x_wconf 85' lang='lat' dir='ltr'>te</span> <span class='ocrx_word' id='word_1_84' title='bbox 827 2236 861 2309; x_wconf 92' lang='lat' dir='ltr'>id</span> <span class='ocrx_word' id='word_1_85' title='bbox 872 2291 883 2328; x_wconf 92' lang='lat'>,</span> <span class='ocrx_word' id='word_1_86' title='bbox 896 2234 988 2336; x_wconf 86' lang='lat' dir='ltr'>quod</span> <span class='ocrx_word' id='word_1_87' title='bbox 1001 2258 1069 2311; x_wconf 87' lang='lat' dir='ltr'>nott</span> <span class='ocrx_word' id='word_1_88' title='bbox 1080 2231 1205 2334; x_wconf 74' lang='lat' dir='ltr'>potest,</span> 
     </span>
    </p>
   </div>
   <div class='ocr_carea' id='block_1_6' title="bbox 412 2363 615 2460">
    <p class='ocr_par' dir='ltr' id='par_1_9' title="bbox 412 2363 615 2460">
     <span class='ocr_line' id='line_1_13' title="bbox 412 2363 615 2460; baseline 0 -26"><span class='ocrx_word' id='word_1_89' title='bbox 412 2363 615 2460; x_wconf 84' lang='lat' dir='ltr'>contingere.</span> 
     </span>
    </p>
   </div>
   <div class='ocr_carea' id='block_1_7' title="bbox 242 2462 1209 2585">
    <p class='ocr_par' dir='ltr' id='par_1_10' title="bbox 242 2462 1209 2585">
     <span class='ocr_line' id='line_1_14' title="bbox 242 2462 1209 2585; baseline 0 -13"><span class='ocrx_word' id='word_1_90' title='bbox 242 2462 311 2572; x_wconf 80' lang='lat' dir='ltr'>Aut</span> <span class='ocrx_word' id='word_1_91' title='bbox 331 2502 413 2572; x_wconf 84' lang='lat' dir='ltr'>haec</span> <span class='ocrx_word' id='word_1_92' title='bbox 434 2526 509 2572; x_wconf 89' lang='lat' dir='ltr'>cum</span> <span class='ocrx_word' id='word_1_93' title='bbox 533 2501 594 2573; x_wconf 78' lang='lat' dir='ltr'>illis</span> <span class='ocrx_word' id='word_1_94' title='bbox 612 2499 683 2572; x_wconf 85' lang='lat' dir='ltr'>sunt</span> <span class='ocrx_word' id='word_1_95' title='bbox 709 2498 882 2585; x_wconf 84' lang='lat' dir='ltr'>habenda,</span> <span class='ocrx_word' id='word_1_96' title='bbox 902 2517 957 2572; x_wconf 87' lang='lat' dir='ltr'>aut</span> <span class='ocrx_word' id='word_1_97' title='bbox 978 2496 1034 2572; x_wconf 82' lang='lat' dir='ltr'>illa</span> <span class='ocrx_word' id='word_1_98' title='bbox 1056 2523 1136 2574; x_wconf 86' lang='lat' dir='ltr'>cum</span> <span class='ocrx_word' id='word_1_99' title='bbox 1155 2497 1209 2572; x_wconf 83' lang='lat' dir='ltr'>his</span> 
     </span>
    </p>
   </div>
   <div class='ocr_carea' id='block_1_8' title="bbox 224 2623 1213 3342">
    <p class='ocr_par' dir='ltr' id='par_1_11' title="bbox 414 2623 676 2697">
     <span class='ocr_line' id='line_1_15' title="bbox 414 2623 676 2697; baseline 0.004 -2"><span class='ocrx_word' id='word_1_100' title='bbox 414 2623 570 2696; x_wconf 84' lang='lat' dir='ltr'>mittenda</span> <span class='ocrx_word' id='word_1_101' title='bbox 593 2625 676 2697; x_wconf 88' lang='lat' dir='ltr'>sunt.</span> 
     </span>
    </p>

    <p class='ocr_par' dir='ltr' id='par_1_12' title="bbox 224 2745 1213 3219">
     <span class='ocr_line' id='line_1_16' title="bbox 224 2745 1209 2855; baseline 0 -35"><span class='ocrx_word' id='word_1_102' title='bbox 224 2749 372 2855; x_wconf 74' lang='lat' dir='ltr'>,Harum</span> <span class='ocrx_word' id='word_1_103' title='bbox 406 2748 543 2820; x_wconf 86' lang='lat' dir='ltr'>duarum</span> <span class='ocrx_word' id='word_1_104' title='bbox 573 2747 809 2820; x_wconf 87' lang='lat' dir='ltr'>conditionum</span> <span class='ocrx_word' id='word_1_105' title='bbox 841 2770 930 2819; x_wconf 85' lang='lat' dir='ltr'>nunc</span> <span class='ocrx_word' id='word_1_106' title='bbox 955 2763 1064 2818; x_wconf 85' lang='lat' dir='ltr'>uttam</span> <span class='ocrx_word' id='word_1_107' title='bbox 1089 2745 1209 2836; x_wconf 83' lang='lat' dir='ltr'>malis,</span> 
     </span>
     <span class='ocr_line' id='line_1_17' title="bbox 255 2870 1206 2971; baseline -0.003 -25"><span class='ocrx_word' id='word_1_108' title='bbox 255 2965 259 2971; x_wconf 23' lang='grc' dir='ltr'>ι</span> <span class='ocrx_word' id='word_1_109' title='bbox 419 2871 522 2946; x_wconf 83' lang='lat' dir='ltr'>vide:</span> <span class='ocrx_word' id='word_1_110' title='bbox 1159 2870 1206 2968; x_wconf 81' lang='lat'>85</span> 
     </span>
     <span class='ocr_line' id='line_1_18' title="bbox 244 2990 1213 3093; baseline -0.005 -21"><span class='ocrx_word' id='word_1_111' title='bbox 244 2997 309 3072; x_wconf 88' lang='lat' dir='ltr'>Etst</span> <span class='ocrx_word' id='word_1_112' title='bbox 320 2996 506 3086; x_wconf 84' lang='lat' dir='ltr'>confilium,</span> <span class='ocrx_word' id='word_1_113' title='bbox 515 2995 610 3093; x_wconf 89' lang='lat' dir='ltr'>quod</span> <span class='ocrx_word' id='word_1_114' title='bbox 620 2994 847 3091; x_wconf 72' lang='lat' dir='ltr'>cepi,teclum</span> <span class='ocrx_word' id='word_1_115' title='bbox 859 2990 922 3064; x_wconf 87' lang='lat' dir='ltr'>elle</span> <span class='ocrx_word' id='word_1_116' title='bbox 934 3008 967 3064; x_wconf 87' lang='lat' dir='ltr'>et</span> <span class='ocrx_word' id='word_1_117' title='bbox 978 3007 1087 3066; x_wconf 80' lang='lat' dir='ltr'>tutum</span> <span class='ocrx_word' id='word_1_118' title='bbox 1099 2995 1167 3069; x_wconf 84' lang='lat' dir='ltr'>scio</span> <span class='ocrx_word' id='word_1_119' title='bbox 1186 3007 1213 3068; x_wconf 74' lang='lat'>³.</span> 
     </span>
     <span class='ocr_line' id='line_1_19' title="bbox 245 3115 1211 3219; baseline -0.002 -27"><span class='ocrx_word' id='word_1_120' title='bbox 245 3123 332 3194; x_wconf 79' lang='lat' dir='ltr'>Num</span> <span class='ocrx_word' id='word_1_121' title='bbox 353 3142 410 3196; x_wconf 83' lang='lat' dir='ltr'>tua</span> <span class='ocrx_word' id='word_1_122' title='bbox 426 3122 515 3219; x_wconf 87' lang='lat' dir='ltr'>apud</span> <span class='ocrx_word' id='word_1_123' title='bbox 529 3138 655 3217; x_wconf 87' lang='lat' dir='ltr'>patrem</span> <span class='ocrx_word' id='word_1_124' title='bbox 671 3117 775 3192; x_wconf 81' lang='lat' dir='ltr'>amica</span> <span class='ocrx_word' id='word_1_125' title='bbox 790 3135 900 3191; x_wconf 86' lang='lat' dir='ltr'>tecum</span> <span class='ocrx_word' id='word_1_126' title='bbox 919 3115 987 3190; x_wconf 84' lang='lat' dir='ltr'>stne</span> <span class='ocrx_word' id='word_1_127' title='bbox 1000 3138 1091 3194; x_wconf 80' lang='lat' dir='ltr'>metu</span> <span class='ocrx_word' id='word_1_128' title='bbox 1104 3137 1141 3193; x_wconf 88' lang='lat' dir='ltr'>ut</span> <span class='ocrx_word' id='word_1_129' title='bbox 1155 3117 1211 3206; x_wconf 78' lang='lat' dir='ltr'>fir,</span> 
     </span>
    </p>

    <p class='ocr_par' dir='ltr' id='par_1_13' title="bbox 416 3241 608 3342">
     <span class='ocr_line' id='line_1_20' title="bbox 416 3241 608 3342; baseline -0.021 -23"><span class='ocrx_word' id='word_1_130' title='bbox 416 3245 515 3342; x_wconf 88' lang='lat' dir='ltr'>copia</span> <span class='ocrx_word' id='word_1_131' title='bbox 541 3241 608 3316; x_wconf 85' lang='lat' dir='ltr'>est:</span> 
     </span>
    </p>
   </div>
   <div class='ocr_carea' id='block_1_9' title="bbox 244 3424 1213 4159">
    <p class='ocr_par' dir='ltr' id='par_1_14' title="bbox 244 3424 1213 4159">
     <span class='ocr_line' id='line_1_21' title="bbox 244 3424 1210 3511; baseline -0.003 -21"><span class='ocrx_word' id='word_1_132' title='bbox 244 3432 284 3490; x_wconf 84' lang='lat' dir='ltr'>ita</span> <span class='ocrx_word' id='word_1_133' title='bbox 303 3431 502 3511; x_wconf 80' lang='lat' dir='ltr'>Clitiphonem.</span> <span class='ocrx_word' id='word_1_134' title='bbox 521 3428 589 3489; x_wconf 90' lang='lat' dir='ltr'>lttde</span> <span class='ocrx_word' id='word_1_135' title='bbox 606 3448 698 3490; x_wconf 82' lang='lat' dir='ltr'>novae</span> <span class='ocrx_word' id='word_1_136' title='bbox 755 3427 914 3490; x_wconf 82' lang='lat' dir='ltr'>&amp;ferocius</span> <span class='ocrx_word' id='word_1_137' title='bbox 928 3424 1120 3508; x_wconf 82' lang='lat' dir='ltr'>respondendo</span> <span class='ocrx_word' id='word_1_138' title='bbox 1131 3427 1210 3487; x_wconf 82' lang='lat' dir='ltr'>calli·</span> 
     </span>
     <span class='ocr_line' id='line_1_22' title="bbox 244 3520 1209 3602; baseline -0.004 -18"><span class='ocrx_word' id='word_1_139' title='bbox 244 3542 350 3585; x_wconf 86' lang='lat' dir='ltr'>morae.</span> <span class='ocrx_word' id='word_1_140' title='bbox 617 3542 622 3551; x_wconf 88' lang='lat'><strong>·</strong></span> <span class='ocrx_word' id='word_1_141' title='bbox 756 3523 791 3582; x_wconf 85' lang='lat' dir='ltr'>de</span> <span class='ocrx_word' id='word_1_142' title='bbox 802 3520 924 3587; x_wconf 84' lang='lat' dir='ltr'>adorimr</span> <span class='ocrx_word' id='word_1_143' title='bbox 938 3520 1141 3602; x_wconf 83' lang='lat' dir='ltr'>Clitiphonem,</span> <span class='ocrx_word' id='word_1_144' title='bbox 1151 3541 1209 3601; x_wconf 85' lang='lat' dir='ltr'>quo</span> 
     </span>
     <span class='ocr_line' id='line_1_23' title="bbox 295 3611 1211 3703; baseline -0.001 -30"><span class='ocrx_word' id='word_1_145' title='bbox 295 3634 306 3673; x_wconf 92' lang='lat' dir='ltr'>r</span> <span class='ocrx_word' id='word_1_146' title='bbox 324 3612 364 3672; x_wconf 84' lang='lat' dir='ltr'>lta</span> <span class='ocrx_word' id='word_1_147' title='bbox 380 3615 466 3674; x_wconf 82' lang='lat' dir='ltr'>ambit</span> <span class='ocrx_word' id='word_1_148' title='bbox 481 3613 575 3674; x_wconf 80' lang='lat' dir='ltr'>servus</span> <span class='ocrx_word' id='word_1_149' title='bbox 585 3635 644 3674; x_wconf 87' lang='lat' dir='ltr'>rem</span> <span class='ocrx_word' id='word_1_150' title='bbox 654 3616 696 3695; x_wconf 87' lang='lat' dir='ltr'>ip·</span> <span class='ocrx_word' id='word_1_151' title='bbox 755 3617 813 3674; x_wconf 75' lang='lat' dir='ltr'>eius</span> <span class='ocrx_word' id='word_1_152' title='bbox 826 3635 930 3687; x_wconf 80' lang='lat' dir='ltr'>metum</span> <span class='ocrx_word' id='word_1_153' title='bbox 941 3634 957 3673; x_wconf 84' lang='lat' dir='ltr'>a</span> <span class='ocrx_word' id='word_1_154' title='bbox 968 3629 1044 3695; x_wconf 85' lang='lat' dir='ltr'>patre</span> <span class='ocrx_word' id='word_1_155' title='bbox 1058 3611 1139 3703; x_wconf 63' lang='lat' dir='ltr'>pellat</span> <span class='ocrx_word' id='word_1_156' title='bbox 1156 3612 1211 3672; x_wconf 85' lang='lat' dir='ltr'>alio</span> 
     </span>
     <span class='ocr_line' id='line_1_24' title="bbox 249 3701 1212 3794; baseline -0.002 -23"><span class='ocrx_word' id='word_1_157' title='bbox 249 3711 325 3784; x_wconf 86' lang='lat' dir='ltr'>sam,</span> <span class='ocrx_word' id='word_1_158' title='bbox 340 3709 416 3791; x_wconf 82' lang='lat' dir='ltr'>quast</span> <span class='ocrx_word' id='word_1_159' title='bbox 430 3732 494 3770; x_wconf 89' lang='lat' dir='ltr'>cum</span> <span class='ocrx_word' id='word_1_160' title='bbox 506 3730 569 3770; x_wconf 90' lang='lat' dir='ltr'>eam</span> <span class='ocrx_word' id='word_1_161' title='bbox 583 3709 696 3771; x_wconf 84' lang='lat' dir='ltr'>illustra·</span> <span class='ocrx_word' id='word_1_162' title='bbox 758 3730 854 3788; x_wconf 89' lang='lat' dir='ltr'>metu,</span> <span class='ocrx_word' id='word_1_163' title='bbox 869 3732 904 3774; x_wconf 83' lang='lat' dir='ltr'>tte</span> <span class='ocrx_word' id='word_1_164' title='bbox 924 3732 941 3773; x_wconf 85' lang='lat' dir='ltr'>a</span> <span class='ocrx_word' id='word_1_165' title='bbox 957 3701 1042 3794; x_wconf 71' lang='lat' dir='ltr'>Syro¹</span> <span class='ocrx_word' id='word_1_166' title='bbox 1054 3708 1212 3786; x_wconf 79' lang='lat' dir='ltr'>deseratur,</span> 
     </span>
     <span class='ocr_line' id='line_1_25' title="bbox 249 3803 1213 3889; baseline 0.001 -25"><span class='ocrx_word' id='word_1_167' title='bbox 249 3824 279 3866; x_wconf 87' lang='lat' dir='ltr'>te</span> <span class='ocrx_word' id='word_1_168' title='bbox 289 3808 356 3865; x_wconf 77' lang='lat' dir='ltr'>velit</span> <span class='ocrx_word' id='word_1_169' title='bbox 366 3807 440 3887; x_wconf 81' lang='lat' dir='ltr'>prius</span> <span class='ocrx_word' id='word_1_170' title='bbox 451 3803 529 3865; x_wconf 79' lang='lat' dir='ltr'>simili</span> <span class='ocrx_word' id='word_1_171' title='bbox 538 3804 647 3888; x_wconf 86' lang='lat' dir='ltr'>aliquo,</span> <span class='ocrx_word' id='word_1_172' title='bbox 659 3809 702 3888; x_wconf 85' lang='lat' dir='ltr'>(ut</span> <span class='ocrx_word' id='word_1_173' title='bbox 762 3810 852 3867; x_wconf 86' lang='lat' dir='ltr'>immo</span> <span class='ocrx_word' id='word_1_174' title='bbox 867 3806 924 3889; x_wconf 85' lang='lat' dir='ltr'>ipsa</span> <span class='ocrx_word' id='word_1_175' title='bbox 941 3806 1081 3869; x_wconf 86' lang='lat' dir='ltr'>Bacchide</span> <span class='ocrx_word' id='word_1_176' title='bbox 1095 3805 1213 3866; x_wconf 84' lang='lat' dir='ltr'>excidat.</span> 
     </span>
     <span class='ocr_line' id='line_1_26' title="bbox 251 3895 1213 3981; baseline -0.001 -23"><span class='ocrx_word' id='word_1_177' title='bbox 251 3899 309 3958; x_wconf 81' lang='lat' dir='ltr'>Ad.</span> <span class='ocrx_word' id='word_1_178' title='bbox 320 3897 381 3973; x_wconf 90' lang='lat' dir='ltr'>lV,</span> <span class='ocrx_word' id='word_1_179' title='bbox 396 3918 433 3975; x_wconf 89' lang='lat'>7,</span> <span class='ocrx_word' id='word_1_180' title='bbox 446 3898 497 3979; x_wconf 87' lang='lat'>21)</span> <span class='ocrx_word' id='word_1_181' title='bbox 510 3918 592 3978; x_wconf 82' lang='lat' dir='ltr'>quam</span> <span class='ocrx_word' id='word_1_182' title='bbox 608 3896 704 3959; x_wconf 77' lang='lat' dir='ltr'>edisse·</span> <span class='ocrx_word' id='word_1_183' title='bbox 762 3895 840 3958; x_wconf 85' lang='lat' dir='ltr'>Tum</span> <span class='ocrx_word' id='word_1_184' title='bbox 851 3899 953 3981; x_wconf 84' lang='lat' dir='ltr'>cupido</span> <span class='ocrx_word' id='word_1_185' title='bbox 961 3895 1069 3959; x_wconf 88' lang='lat' dir='ltr'>incensa</span> <span class='ocrx_word' id='word_1_186' title='bbox 1078 3896 1213 3979; x_wconf 80' lang='lat' dir='ltr'>superabit</span> 
     </span>
     <span class='ocr_line' id='line_1_27' title="bbox 249 3987 1009 4067; baseline 0.005 -19"><span class='ocrx_word' id='word_1_187' title='bbox 249 4006 300 4049; x_wconf 86' lang='lat' dir='ltr'>rar.</span> <span class='ocrx_word' id='word_1_188' title='bbox 312 3989 379 4050; x_wconf 88' lang='lat' dir='ltr'>lnde</span> <span class='ocrx_word' id='word_1_189' title='bbox 392 3990 526 4067; x_wconf 87' lang='lat' dir='ltr'>rumpitur</span> <span class='ocrx_word' id='word_1_190' title='bbox 537 3987 602 4048; x_wconf 79' lang='lat' dir='ltr'>Cliu</span> <span class='ocrx_word' id='word_1_191' title='bbox 621 3987 703 4049; x_wconf 64' lang='lat' dir='ltr'>Diffi·</span> <span class='ocrx_word' id='word_1_192' title='bbox 760 4010 875 4051; x_wconf 83' lang='lat' dir='ltr'>omnem</span> <span class='ocrx_word' id='word_1_193' title='bbox 892 4009 1009 4052; x_wconf 87' lang='lat' dir='ltr'>metum.</span> 
     </span>
     <span class='ocr_line' id='line_1_28' title="bbox 249 4077 1212 4159; baseline -0.005 -15"><span class='ocrx_word' id='word_1_194' title='bbox 249 4084 299 4144; x_wconf 90' lang='lat' dir='ltr'>cile</span> <span class='ocrx_word' id='word_1_195' title='bbox 316 4105 385 4143; x_wconf 84' lang='lat' dir='ltr'>vero</span> <span class='ocrx_word' id='word_1_196' title='bbox 400 4080 432 4140; x_wconf 84' lang='lat' dir='ltr'>lit</span> <span class='ocrx_word' id='word_1_197' title='bbox 442 4123 452 4151; x_wconf 86' lang='lat'><strong>,</strong></span> <span class='ocrx_word' id='word_1_198' title='bbox 470 4079 577 4158; x_wconf 78' lang='lat' dir='ltr'>explere</span> <span class='ocrx_word' id='word_1_199' title='bbox 592 4079 702 4141; x_wconf 58' lang='lat' dir='ltr'>teuen-</span> <span class='ocrx_word' id='word_1_200' title='bbox 804 4099 818 4159; x_wconf 78' lang='lat'>3</span> <span class='ocrx_word' id='word_1_201' title='bbox 837 4080 942 4143; x_wconf 76' lang='lat' dir='ltr'>Callida</span> <span class='ocrx_word' id='word_1_202' title='bbox 964 4081 1043 4140; x_wconf 88' lang='lat' dir='ltr'>suum</span> <span class='ocrx_word' id='word_1_203' title='bbox 1069 4077 1212 4140; x_wconf 82' lang='lat' dir='ltr'>consilium</span> 
     </span>
    </p>
   </div>
   <div class='ocr_carea' id='block_1_10' title="bbox 132 4172 1213 4257">
    <p class='ocr_par' dir='ltr' id='par_1_15' title="bbox 132 4172 1213 4257">
     <span class='ocr_line' id='line_1_29' title="bbox 132 4172 1213 4257; baseline 0.001 -23"><span class='ocrx_word' id='word_1_204' title='bbox 132 4230 145 4255; x_wconf 52' lang='grc' dir='ltr'><em>Ι</em></span> <span class='ocrx_word' id='word_1_205' title='bbox 250 4176 314 4235; x_wconf 79' lang='lat' dir='ltr'>tiam</span> <span class='ocrx_word' id='word_1_206' title='bbox 331 4198 388 4236; x_wconf 87' lang='lat' dir='ltr'>non</span> <span class='ocrx_word' id='word_1_207' title='bbox 404 4174 516 4257; x_wconf 89' lang='lat' dir='ltr'>quidem</span> <span class='ocrx_word' id='word_1_208' title='bbox 536 4173 701 4235; x_wconf 84' lang='lat' dir='ltr'>inchoatam.</span> <span class='ocrx_word' id='word_1_209' title='bbox 760 4173 866 4249; x_wconf 85' lang='lat' dir='ltr'>laudat,</span> <span class='ocrx_word' id='word_1_210' title='bbox 884 4178 916 4236; x_wconf 73' lang='lat' dir='ltr'>dc</span> <span class='ocrx_word' id='word_1_211' title='bbox 934 4179 965 4235; x_wconf 85' lang='lat' dir='ltr'>itt</span> <span class='ocrx_word' id='word_1_212' title='bbox 986 4172 1015 4235; x_wconf 90' lang='lat' dir='ltr'>id</span> <span class='ocrx_word' id='word_1_213' title='bbox 1031 4176 1132 4236; x_wconf 72' lang='lat' dir='ltr'>inducit</span> <span class='ocrx_word' id='word_1_214' title='bbox 1155 4172 1213 4235; x_wconf 88' lang='lat' dir='ltr'>Cli·</span> 
     </span>
    </p>
   </div>
   <div class='ocr_carea' id='block_1_11' title="bbox 179 4268 1241 4355">
    <p class='ocr_par' dir='ltr' id='par_1_16' title="bbox 179 4268 1241 4355">
     <span class='ocr_line' id='line_1_30' title="bbox 179 4268 1241 4355; baseline 0.002 -25"><span class='ocrx_word' id='word_1_215' title='bbox 179 4333 185 4345; x_wconf 63' lang='lat'>‚</span> <span class='ocrx_word' id='word_1_216' title='bbox 294 4272 514 4355; x_wconf 78' lang='lat' dir='ltr'>aladigttantcm</span> <span class='ocrx_word' id='word_1_217' title='bbox 535 4268 561 4329; x_wconf 89' lang='lat' dir='ltr'>se</span> <span class='ocrx_word' id='word_1_218' title='bbox 580 4268 706 4343; x_wconf 64' lang='lat' dir='ltr'>lunula,</span> <span class='ocrx_word' id='word_1_219' title='bbox 764 4269 907 4350; x_wconf 83' lang='lat' dir='ltr'>tiphonem</span> <span class='ocrx_word' id='word_1_220' title='bbox 921 4272 1024 4353; x_wconf 80' lang='lat' dir='ltr'>duplici</span> <span class='ocrx_word' id='word_1_221' title='bbox 1039 4273 1174 4335; x_wconf 75' lang='lat' dir='ltr'>illecebra.</span> <span class='ocrx_word' id='word_1_222' title='bbox 1237 4284 1241 4291; x_wconf 89' lang='grc'><em>“</em></span> 
     </span>
    </p>
   </div>
   <div class='ocr_carea' id='block_1_12' title="bbox 0 0 1411 5234">
    <p class='ocr_par' dir='ltr' id='par_1_17' title="bbox 0 0 1411 5234">
     <span class='ocr_line' id='line_1_31' title="bbox 0 0 1411 5234; baseline 0 0"><span class='ocrx_word' id='word_1_223' title='bbox 0 0 1411 5234; x_wconf 95' lang='lat' dir='ltr'> </span> 
     </span>
    </p>
   </div>
  </div>
 </body>
</html>
