2809 5234
351 821 426 907 260

595 782 1078 896 tttatt'att'ttt

346 993 401 1068 lta
417 985 569 1087 populus
584 978 697 1059 'studio
713 984 866 1083 stupidus
883 1002 894 1036 ¹
913 983 949 1056 in
962 979 1169 1057 funambulo

344 1111 511 1188 Animum
521 1125 720 1204 occuparat.
734 1131 825 1179 nunc
839 1105 923 1177 haec
935 1101 1090 1202 planeest
1099 1127 1167 1201 pro
1178 1128 1296 1185 nova:
1311 1131 1315 1208 f

343 1232 457 1322 Etis,
477 1232 539 1330 qui
557 1227 687 1326 scripfit
703 1228 816 1317 hanc,
834 1225 883 1297 ob
898 1249 974 1298 eam
985 1251 1058 1298 rem
1075 1226 1193 1299 noluit

343 1356 475 1430 Iterum
487 1353 615 1427 referre
631 1370 670 1444 ²,
684 1371 724 1425 ut
739 1331 870 1424 iterum'
878 1349 990 1446 poffet
1008 1350 1159 1424 vendere
1178 1371 1204 1424 a.

343 1476 440 1556 alias
455 1472 630 1574 cognostis
640 1471 714 1544 eins
730 1491 768 1542 4:
785 1468 912 1570 quaeso
930 1473 1019 1546 hanc
1039 1491 1156 1546 tnunc
1171 1474 1315 1554 noscite

419 1654 723 1747 ALTER‘
782 1667 1259 1746 PROLOGUS.⁷

345 1776 557 1954 ORator
577 1863 620 1938 ad
634 1888 700 1940 vos
714 1855 822 1942 venio
838 1883 966 1940 ornatu
981 1865 1122 1963 prologi
1140 1890 1151 1938 t

340 2107 447 2197 populi
458 2153 467 2182 ‚
485 2105 590 2167 intenti
602 2105 659 2165 iam
669 2105 699 2162 in
709 2105 787 2185 [pec-

341 2217 430 2280 tando
457 2209 617 2274 funambuli
639 2209 729 2278 ludo,
755 2218 784 2268 δι

338 2321 427 2386 atetfi
441 2342 458 2382 a
471 2315 585 2390 saboim
603 2313 638 2374 ci
650 2310 728 2394 prol.
741 2309 784 2372 al-

339 2448 384 2496 ter
398 2451 424 2489 v.
440 2449 474 2501 ²5
491 2421 554 2507 sqq.

380 2555 396 2595 a
412 2532 432 2590 fi
445 2533 560 2609 stupens
572 2570 581 2598 ,
592 2522 782 2586 admiratione

336 2642 476 2706 intentus.
500 2630 619 2694 Excusat
636 2654 705 2692 veto
725 2653 782 2714 po·

337 2742 458 2829 pulum,
479 2761 542 2804 non
569 2738 607 2798 ob
625 2741 785 2813 reiectam,

336 2850 387 2913 sed
406 2845 443 2906 ob
460 2866 522 2904 non
542 2847 690 2927 cognitam
705 2843 783 2906 fabu-

337 2957 414 3029 lam,
428 2957 506 3016 itaut
520 2951 571 3013 suo
583 2953 690 3013 honoti
701 2951 783 3016 fimul

338 3059 468 3129 consulat
489 3079 586 3145 poeta.

381 3199 396 3235 2
411 3172 480 3236 Stil.
495 3173 560 3255 post
573 3167 732 3231 funambuli
744 3169 786 3231 Iu·

339 3288 426 3362 tium3
439 3283 487 3344 ubi
507 3279 557 3340 ille
574 3275 697 3339 ceffarat.

912 2124 926 2179 ς
944 2101 989 2162 Ut
999 2124 1103 2163 novam.
1117 2103 1174 2163 Sed
1190 2130 1243 2170 nee
1253 2118 1315 2194 pla

867 2209 946 2283 cuit,
962 2230 1026 2270 cunt
1045 2209 1168 2272 secundo
1188 2215 1315 2285 daretun

866 2311 949 2374 Hinc
973 2317 1059 2375 tertio
1081 2316 1178 2379 relata.

905 2429 923 2480 6
941 2420 1046 2482 Tettio
1071 2425 1164 2487 editae
1184 2427 1311 2498 fabulae.

865 2527 901 2586 In
916 2525 991 2588 Cod.
1007 2527 1075 2592 Vat.
1088 2533 1234 2593 distinctio
1253 2561 1315 2602 ma·

863 2633 979 2697 iusculis
992 2637 1083 2700 literis
1098 2643 1137 2702 ita
1150 2644 1244 2702 minio
1259 2669 1315 2705 no·

868 2760 924 2802 tata
950 2745 990 2803 est
1013 2768 1019 2802 :
1042 2746 1075 2805 L.
1095 2750 1314 2811 AMBIVIUS

865 2847 1092 2911 PROLOGUS
1100 2876 1113 2927 ;
1132 2853 1168 2914 cf.
1185 2854 1244 2915 obs.
1266 2855 1311 2944 sq.

906 2977 923 3026 7
939 2958 1044 3040 Magna
1059 2978 1114 3019 arte
1125 2963 1166 3021 tic
1183 2965 1313 3045 prologus

858 3062 973 3144 scriptus
981 3066 1100 3147 estnimt's
1106 3069 1223 3128 oratorie.
1232 3070 1311 3129 Nam

868 3173 963 3233 totiens
986 3176 1093 3258 expulfit
1110 3175 1221 3255 fabula,
1245 3202 1312 3259 quo·

865 3281 939 3340 modo
949 3282 1172 3362 honesterevocati
1184 3289 1312 3365 potuitin

381 3414 395 3472 3
415 3390 493 3451 Aliis
504 3387 563 3448 scil.
573 3386 657 3446 ludis.
667 3385 737 3446 Hoc
745 3386 782 3447 ad
858 3390 1311 3473 prosceniumhtfiprimoipfiaim·

338 3499 453 3564 lauden
490 3491 599 3553 fabulae
633 3490 783 3567 refertur,

338 3606 419 3691 qaod
430 3621 540 3664 tantum
558 3599 674 3660 fiduciae
687 3600 783 3682 supet-

336 3715 392 3778 fuit
407 3730 520 3795 poetae.
543 3710 607 3768 Nec
622 3729 717 3770 tamen
744 3732 781 3771 eo

336 3821 409 3885 lucri
426 3820 546 3900 cupidus
563 3820 652 3878 videri
665 3818 781 3895 mavult,

336 3946 424 4012 quant
453 3923 503 3982 suo
527 3925 609 4003 operi
640 3924 781 3987 diffidens.

337 4032 430 4115 Quod
445 4050 526 4115 putat
540 4031 686 4093 Donatus.

378 4138 468 4214 4Int.
485 4156 610 4220 poetae,
632 4137 679 4198 fibi
703 4136 782 4201 favo.

336 4264 397 4303 tem
425 4244 550 4326 petentis
578 4265 611 4302 ex
637 4244 701 4308 aliis
723 4243 783 4315 suit-

332 4344 522 4425 ·fabutis,iam
532 4348 621 4411 notit.

112 4628 402 4782 '—

861 3496 989 3574 pudentia
1005 3517 1054 3578 pro
1061 3500 1165 3577 fiducia
1177 3498 1310 3578 proferre·

865 3621 927 3679 tur;
955 3587 1047 3667 deinde
1061 3615 1130 3670 atior
1141 3609 1311 3690 peritiffimus

863 3713 916 3795 lpse
945 3717 1114 3793 Anbivius,
1137 3717 1256 3798 probaret
1279 3718 1310 3777 (ζ’

860 3842 965 3904 poetam
983 3824 1010 3885 o
1026 3824 1206 3892 comoediam,
1229 3821 1309 3878 cuius

864 3929 1002 3987 autioritas
1030 3925 1114 3988 elucet
1143 3947 1176 3984 ex
1197 3925 1282 3984 verbis
1293 3947 1309 3995 ;

861 4053 917 4094 tum
929 4032 1154 4116 deindefitbeifinr
1164 4052 1231 4090 novo
1241 4051 1307 4109 poe-

863 4157 922 4212 tae,
938 4163 956 4198 a
973 4141 1070 4221 vetusto
1081 4140 1108 4198 (a
1121 4159 1229 4218 magnae
1241 4159 1307 4196 auc·

862 4242 975 4302 totitatis
1001 4239 1153 4314 Caecilio,
1176 4259 1308 4319 peteretur

865 4347 1027 4430 exemplum,
1052 4347 1079 4411 ὁ
1090 4364 1220 4430 petentur
1232 4349 1306 4430 inge-
