2809 5234
493 818 661 912 146·
965 808 1936 885 P.TERENT11

494 971 756 1071 Quoad
803 986 823 1018 ¹
878 970 1278 1066 exspeetatis
1341 971 1711 1048 vostrum?
1776 975 1865 1047 G.
1932 994 2083 1047 non
2160 991 2483 1057 certum

909 1089 1053 1163 scio
1097 1115 1114 1160 ε

491 1220 625 1306 Sed
655 1214 1021 1315 epistolam
1086 1213 1172 1287 ab
1228 1238 1328 1286 eo
1399 1215 1679 1289 allatam
1762 1213 1895 1289 effe
1980 1216 2227 1292 audivi
2284 1243 2475 1295 mo-

894 1342 989 1413 do
1042 1357 1129 1432 ²,
1189 1360 1260 1415 et

489 1465 602 1540 Ad
655 1465 1036 1565 portitores
1085 1465 1217 1538 esse
1262 1466 1558 1540 delatam
1605 1497 1622 1541 ε
1666 1471 1847 1545 hanc
1887 1490 2143 1569 petam.

2301 1493 2457 1546 100

488 1594 597 1665 D.
652 1591 1011 1690 Numquid
1055 1585 1234 1662 Geta
1286 1592 1478 1664 aliud
1521 1618 1634 1665 me
1685 1594 1849 1668 vis?
1887 1598 1975 1669 G.
2010 1611 2090 1668 ut
2132 1584 2454 1667 bene'fit

874 1706 1001 1799 tjbi
1041 1724 1090 1779 ι.

488 1835 670 1911 Puer
695 1891 724 1928 ,
762 1829 979 1909 heus!
1019 1829 1302 1903 nemon’
1341 1830 1479 1905 huc
1512 1834 1752 1930 prodit
1787 1837 1815 1910 ?
1852 1863 2020 1937 cape
2053 1858 2128 1933 ⁴,
2162 1837 2257 1914 da
2289 1838 2453 1917 hoe

888 1951 1193 2030 Dorcio.

754 2198 1187 2272 ACTUS
1297 2197 1492 2268 115.
1565 2195 1997 2268 &CENA
2091 2186 2226 2270 1³.

708 2411 1115 2484 ANTIP
1162 2410 1380 2499 ΗΟ,
1481 2406 2187 2482 PHAEDRIA.

491 2552 1025 2734 A.ADeon’
1068 2676 1216 2724 rem
1262 2645 1555 2737 redisse,
1595 2665 1724 2738 ut,
1775 2647 1899 2746 qui
1945 2645 2114 2722 mihi
2153 2645 2458 2723 consul-s

908 2789 1059 2843 tum
1109 2791 1405 2871 optume
1445 2768 1623 2846 velit
1662 2767 1844 2860 effe,

578 3067 601 3108 1
648 3050 706 3108 h.
738 3072 789 3112 e.
815 3052 886 3112 ad
920 3051 1078 3136 quod
1110 3069 1375 3131 tcmpu33

489 3158 537 3221 s.
567 3158 801 3244 quando
834 3159 880 3216 is
911 3159 1250 3217 adventurus
1270 3157 1372 3213 cst?

572 3282 601 3319 2
637 3259 748 3319 Sed
778 3257 898 3339 ipse
930 3279 1065 3316 mox
1097 3257 1371 3337 inopina·

488 3385 578 3430 tus
602 3367 883 3426 adveniet.

572 3487 598 3546 3
639 3463 914 3524 Formula
936 3458 1309 3522 valedicendi.

568 3597 608 3643 ⁴
652 3568 839 3628 Puero
881 3566 1047 3625 tradit
1075 3583 1373 3646 argentum

486 3697 522 3737 a
553 3677 722 3735 Davo
743 3675 1040 3732 redditum.
1065 3669 1208 3729 Mox
1227 3666 1372 3728 Dor-

487 3781 626 3840 cium
656 3800 868 3836 nomen
901 3775 1153 3836 mulieris
1172 3820 1189 3849 ,
1225 3794 1371 3860 quae

488 3879 676 3942 Getae
716 3899 859 3935 uxor
892 3881 1130 3939 videtur.

574 4005 601 4062 5
627 3982 805 4067 Vulg.
825 3987 962 4046 Ast.
984 3990 1045 4059 1,
1066 3990 1156 4049 Sc.
1186 4011 1241 4068 3.
1257 3989 1375 4050 Sed

487 4094 605 4156 vid.
632 4096 694 4152 in
726 4092 853 4152 fine.
1233 4152 1252 4163 ,,

574 4213 608 4263 6
638 4203 823 4264 Habet
852 4200 990 4261 haec
1015 4200 1177 4264 scena
1198 4204 1375 4268 colla·

495 4313 714 4383 tionem
751 4312 998 4378 duorum
1039 4311 1375 4378 adolescen-

1540 3067 1695 3125 tum,
1738 3048 1836 3132 qui
1878 3048 2030 3108 inter
2077 3044 2132 3107 se
2181 3068 2444 3114 conten·

1538 3155 1699 3226 dunt,
1713 3173 1838 3213 uter
1855 3150 2037 3213 altero
2062 3155 2240 3236 magis
2256 3158 2340 3215 mi
2349 3155 2440 3217 set

1538 3255 1635 3328 fit,
1674 3252 1836 3326 isne,
1874 3256 1974 3338 qui
2030 3272 2274 3313 amatam
2318 3253 2435 3314 ha-

1534 3357 1666 3430 bet,
1702 3356 1798 3417 sed
1828 3380 1862 3418 a
1911 3377 2070 3438 patre
2107 3375 2324 3418 metuat
2361 3361 2440 3420 de

1532 3481 1730 3521 amore
1771 3462 2095 3520 amittendo
2135 3483 2154 3536 3
2217 3485 2288 3522 an
2339 3468 2437 3543 is,

1536 3563 1625 3622 cui
1655 3563 1916 3621 nondum
1942 3584 2105 3622 amor
2145 3564 2440 3646 succeffit,

1537 3665 1631 3728 sed
1679 3669 1800 3728 eius
1844 3667 2109 3727 mittendi
2167 3676 2439 3748 potestas

1538 3772 1619 3835 fit.
1643 3772 1734 3834 Ut
1753 3771 1877 3834 sunt
1900 3772 2202 3849 homines;
2227 3797 2442 3859 quem..

1543 3899 1654 3964 que
1697 3876 1777 3939 sui
1818 3881 2098 3961 poenitet.
2148 3878 2259 3940 Ille
2291 3888 2441 3965 qui..

1543 3992 1677 4051 dem
1739 4010 2039 4072 praeparat
2102 3989 2294 4076 fugam
2359 3999 2441 4057 ab

1536 4097 1772 4180 aspectu
1817 4103 1995 4180 patris
2020 4145 2037 4173 ,
2072 4099 2238 4159 huius
2270 4121 2435 4161 con-

1540 4205 1772 4266 fidentia
1821 4205 2294 4288 significationem
2330 4210 2441 4276 ha.

1539 4311 1638 4380 bet
1649 4312 1789 4376 boni
1817 4313 2132 4380 defensoris
2149 4315 2350 4390 futuri.
