2809 5234
558 658 567 661 “
729 658 739 661 ν
1500 674 1511 686 ι

2192 712 2202 724 o

2256 747 2263 756 ι

1341 763 1352 779 ⁸
2350 782 2357 792 ἱ

884 981 943 1053 Ε
989 981 1059 1054 U
1110 978 1179 1052 N
1227 979 1299 1094 U
1348 977 1413 1053 C
1461 977 1529 1049 H
1579 980 1648 1053 U
1697 978 1766 1054 S.
2182 1005 2319 1079 ης

374 1143 560 1220 Idem
609 1144 747 1219 hoc
782 1160 920 1218 tute
957 1141 1197 1216 melius
1233 1158 1494 1240 quanto
1538 1138 2284 1261 invenifl'eQThraso?

497 1361 1019 1434 Acrvs
1124 1327 1962 1429 '1'11.scz:NA
2061 1360 2216 1435 11.

477 1543 1757 1639 THA18,THRASO,PARMENO.
1785 1544 2235 1640 GNATH05
2323 1645 2336 1663 .

840 1697 845 1705 ·
1158 1671 1570 1748 PYTHIAS.

391 1877 555 1946 Tha.
564 1716 1008 1951 Audire
957 1882 1208 1945 vocem
1234 1867 1375 1943 visa
1404 1867 1547 1943 sum
1575 1865 1790 1940 modo
1826 1863 2095 1941 militis.

385 2000 610 2095 Atque
633 1985 888 2072 ecctim.
935 1994 1159 2084 salve,
1180 1993 1277 2066 mi
1312 1991 1594 2065 Thraso,
1623 1994 1774 2063 Thr.
1814 2015 1863 2064 o
1887 1990 2096 2065 Thais
2134 2015 2281 2068 mea
2299 2018 2333 2084 ‚·

384 2113 618 2194 Meum
646 2120 948 2196 suavium
973 2171 996 2208 ,
1021 2117 1187 2216 quid
1210 2114 1476 2215 agitur?
1507 2114 1750 2215 ecquid
1787 2139 1913 2190 nos
1953 2140 2134 2191 amas

384 2245 500 2320 De
538 2244 808 2319 fidicina
857 2242 1066 2318 istac?
1132 2243 1262 2315 Pa.
1299 2265 1506 2341 quam
1543 2237 1820 2316 venuste
1856 2237 1875 2313 Ξ
1918 2243 2104 2341 quod
2145 2242 2333 2320 dedit

381 2369 792 2470 Principium
808 2368 1193 2445 adveniens.
1218 2369 1381 2440 Tha.
1401 2363 1760 2463 plurimum
1786 2365 2028 2439 merito
2046 2384 2168 2441 tuo
2206 2382 2255 2443 ¹.
2284 2389 2325 2467 ς

297 2485 303 2490 ’
383 2475 476 2572 G}
519 2497 764 2577 Eamus
794 2518 958 2592 ergo
1001 2493 1084 2566 ad
1120 2515 1401 2569 coenam
1438 2504 1511 2563 ²:
1563 2490 1729 2589 quid
1769 2489 1944 2566 stas?
1997 2494 2127 2567 Pa.
2169 2491 2330 2569 hem

721 2618 999 2689 alterum
1033 2630 1091 2687 3.

382 2744 487 2815 Ex
517 2738 794 2815 homine
828 2739 1010 2815 hunc
1052 2757 1280 2814 natum
1318 2739 1499 2816 dicas
1531 2755 1585 2819 ⁴.
1627 2745 1793 2817 Tha.
1840 2740 1957 2818 ubi
1992 2741 2136 2838 νίς,
2181 2757 2331 2821 non'

723 2886 983 2939 moror.
2325 2909 2341 2964 1

387 2992 515 3063 Pa.
544 2988 805 3080 Adibo,
833 3005 1031 3088 atque
1067 2987 1454 3063 affimulabo
1475 3043 1496 3077 ,
1526 2988 1705 3089 quafi
1737 3015 1911 3066 nunc
1944 3017 2201 3068 exeam.

385 3113 631 3186 Ituran’
675 3113 879 3188 Thais
912 3115 1233 3212 quopiam
1278 3113 1391 3188 es?
1444 3117 1609 3186 Tha.
1651 3114 1847 3187 ehem
1880 3117 2231 3194 Parmeno,

385 3239 566 3340 Bene
595 3235 808 3311 fecisti
845 3251 865 3300 ⁵
908 3261 927 3306 t
959 3236 1169 3312 hodie
1204 3238 1237 3287 ⁶
1278 3239 1473 3312 itura.
1518 3239 1651 3312 Pa.
1696 3235 1888 3337 quo?
1926 3241 2109 3351 ‘Thea
2163 3241 2333 3340 quid

728 3359 910 3434 hunc
946 3384 1087 3433 non
1132 3361 1325 3438 vides
1354 3362 1442 3436 7?
2238 3393 2332 3448 10

472 3556 497 3597 1
524 3535 697 3598 Thais
718 3557 979 3600 amorem
1005 3538 1164 3600 suum
1185 3559 1300 3600 non
1417 3537 1582 3603 sulsus
1618 3554 1866 3622 uterque.
1906 3537 2109 3603 Verius
2142 3513 2363 3610 tamen-

383 3631 460 3694 ad
478 3633 797 3707 avaritiam,
818 3634 910 3696 sed
938 3635 1009 3696 ad
1041 3633 1290 3696 officium
1411 3632 1586 3694 Bentl.
1631 3633 1898 3716 rescripsit
1938 3635 1966 3719 (
1998 3659 2103 3719 pro
2124 3660 2193 3698 ex
2229 3639 2333 3699 Ιιο-

382 3724 566 3786 referri
592 3730 824 3786 comiter
844 3723 1057 3806 fingens
1081 3725 1293 3812 ,κοπῇ-
1413 3722 1596 3809 mine)
1628 3727 1919 3787 abdomini.
1974 3728 2067 3793 Sic
2109 3731 2234 3794 Cic.
2268 3732 2334 3792 in

384 3821 463 3901 git
487 3819 768 3879 invenuste
800 3818 945 3876 dicia
970 3840 1004 3875 a
1028 3818 1215 3880 milite.
1420 3816 1527 3882 Pis.
1555 3839 1646 3898 17.
1679 3820 1781 3880 Ille
1802 3841 1996 3903 gurges
2025 3844 2183 3907 atque
2211 3825 2337 3884 lul-⁴·

470 3929 507 3968 2
531 3908 714 3968 Decet
734 3906 1059 3988 parasitum,
1085 3908 1155 3966 de
1179 3928 1305 3967 coe·
1422 3907 1514 3967 luo
1530 3954 1550 3982 ,
1566 3924 1732 3969 natus
1751 3911 2023 3974 abdomini
2039 3918 2151 3998 suo¹
2165 3961 2189 3989 ,
2219 3935 2338 3995 non,

386 4025 463 4066 na
504 4005 671 4064 etiam
699 4003 943 4087 graviter
978 4005 1043 4066 δι
1083 4004 1302 4068 inficete
1423 4006 1574 4066 laudi
1609 4027 1768 4090 atque
1791 4010 2015 4092 gloriae.

385 4118 633 4165 monere.
1510 4117 1539 4181 5
1581 4099 1673 4166 Sc.
1714 4102 1869 4185 quod
1887 4103 1943 4163 in
1962 4120 2215 4185 tempore
2235 4103 2339 4177 ad<

475 4217 505 4280 3
531 4196 713 4259 Parm.
742 4196 916 4280 tangit
940 4216 1100 4278 pares
1131 4195 1303 4258 Gna·
1424 4196 1639 4263 venisti.
1661 4198 1758 4261 Al.
1781 4201 1908 4260 bene
1928 4201 2034 4281 pol
2051 4200 2165 4282 fic.

383 4294 571 4356 thenis
609 4289 931 4368 inficetias,
962 4290 1303 4374 eamus-quid
1505 4288 1545 4351 6
1562 4288 1622 4353 h.
1641 4312 1694 4354 e.
1718 4312 1865 4354 nunc
1880 4337 1905 4364 ‚
1931 4291 2041 4352 hoc
2068 4288 2186 4374 ipso
2202 4313 2338 4376 moa⁴

374 4393 510 4477 flas.
1418 4404 1635 4454 mento.

467 4510 511 4567 4
549 4487 707 4572 Quia
758 4487 1072 4554 inconditus
1106 4487 1227 4554 δι.
1211 4508 1301 4551 m·
1500 4506 1546 4570 7
1580 4475 1745 4549 Haec
1779 4477 2064 4560 submiss'e3
2087 4478 2337 4551 Thraso&
