2809 5234
673 843 676 849 -
817 840 820 845 =
1056 802 1125 882 ιιι

194 960 273 1069 M.
345 929 576 1068 AN'T.
654 940 1089 1068 MURET'I

353 1189 931 1266 ARGUMENTUM.

146 1331 233 1490 Ρ
236 1410 439 1504 Amphilus,
454 1382 629 1482 Lachetis}
640 1405 780 1514 Sostrata
794 1433 896 1515 texort
902 1415 1023 1506 filius,
1039 1419 1128 1489 Bac·

157 1537 281 1605 chidem
296 1537 482 1604 meretricem
503 1535 673 1626 deperibat.
690 1541 721 1604 is
737 1562 808 1606 cum
831 1541 1011 1632 aliquando
1036 1543 1131 1614 ttoHu

157 1664 206 1731 ad
222 1689 291 1731 eam
308 1664 499 1730 temulentus
518 1664 593 1748 iret,
610 1662 647 1728 iu
669 1662 925 1752 Philumenam,
942 1669 1087 1738 Lachetis
1102 1693 1132 1739 ct

157 1774 352 1875 Myrrhinae
375 1784 509 1873 filiam,
537 1775 677 1869 incidit,
696 1802 825 1878 eamque
851 1788 888 1854 in
909 1785 965 1855 uia
980 1815 1043 1881 per
1064 1792 1133 1861 uim

158 1906 332 2006 eomprefflt
349 1933 362 1977 .·
383 1930 478 2000 atque
498 1906 546 1974 ita
562 1898 693 2001 ffegit,
711 1929 748 1977 ut
763 1935 863 2002 neque
878 1910 943 2003 ipse
964 1938 1059 2001 eam,
1074 1941 1132 1984 ne·

160 2057 220 2125 que
227 2034 342 2124 puella
352 2025 456 2122 tpstmt
467 2025 648 2122 cognojiert
651 2030 805 2120 potuerit.
820 2032 856 2098 ire
869 2033 930 2100 e'lla
941 2058 1047 2104 autem
1063 2041 1134 2106 luc·

156 2179 194 2227 ta
210 2153 307 2227 etiam
324 2160 459 2226 anulum
479 2156 509 2224 ei
524 2154 692 2242 detraxit,
713 2183 843 2250 eumque
871 2160 1024 2231 Bacchidi
1047 2164 1132 2232 dono

158 2281 256 2368 dedit.
262 2280 368 2372 paulo
382 2276 456 2372 post
462 2300 561 2370 pater
583 2304 654 2347 eum
662 2331 676 2366 ,
693 2301 762 2349 tum
775 2303 844 2350 uta
856 2286 1026 2354 meretricio
1040 2312 1133 2356 amo·

159 2429 191 2472 re
205 2423 372 2490 auerteret,
389 2424 457 2470 tum
474 2425 512 2471 ut
523 2402 968 2501 praefidiumsuaesenee‘luti
981 2432 1134 2500 pararet,

158 2530 206 2596 ad
223 2550 356 2595 uxorem
382 2527 558 2595 ducendam
583 2522 736 2620 perpulit.
761 2530 917 2623 contigit,
942 2553 978 2600 ut
1002 2557 1039 2601 ea
1061 2520 1134 2624 ipsit

158 2653 286 2722 uxorei
301 2651 452 2737 daretur,
473 2676 570 2743 quam
595 2651 660 2744 ipse
679 2653 949 2754 constupraverat.
974 2661 1134 2752 gaudente

157 2777 332 2849 admodum
341 2776 469 2868 puellae
481 2754 578 2845 matre
587 2828 601 2863 ,
617 2801 717 2869 quae,
731 2779 809 2870 quia
826 2778 904 2871 fiola
922 2782 1050 2874 conscia
1067 2804 1135 2853 erat

150 2899 261 2990 filiam
276 2896 409 3000 estupro
422 2894 593 2994 grauidam
606 2893 684 2994 effe,
703 2903 939 2994 quamprimum
954 2927 1023 2971 tam
1037 2907 1103 2972 coll
1121 2938 1135 2959 ·

159 3047 231 3091 care
240 3024 433 3114 properabat
450 3045 463 3090 .·
477 3043 515 3090 ut
518 3019 557 3118 fi
563 3016 650 3108 sorte
659 3021 737 3113 post
756 3006 884 3116 aliquot
899 3022 1018 3114 menses
1033 3050 1132 3115 pare-

160 3166 229 3231 ret,
243 3144 390 3236 nuptiis,
409 3146 675 3238 quemadmodum
680 3144 777 3239 stecpe
781 3147 828 3236 fit
834 3198 849 3233 ,
866 3147 1054 3241 obtegeretur
1057 3148 1132 3249 slu-

158 3299 267 3368 prum.
277 3276 390 3343 cecidit
400 3299 448 3343 res
459 3278 552 3370 longe
560 3275 675 3362 aliter,
689 3276 921 3368 deputabatur.
932 3275 1027 3342 etiam
1040 3278 1134 3343 Pam·

155 3403 292 3495 philus,
303 3396 361 3495 qui
376 3398 581 3498 inuitefflmus
591 3395 750 3496 adiectffet
761 3399 907 3467 animum
920 3397 1038 3465 adrem
1050 3423 1134 3466 uxo·

159 3525 262 3612 riam,
279 3525 396 3617 quique
412 3525 544 3592 auellere
555 3522 594 3614 st
606 3525 780 3614 ‘derepente
793 3545 815 3587 a
829 3519 1003 3590 Bacchidis
1028 3545 1134 3590 amore

158 3671 227 3715 rtort
240 3637 357 3742 poffee,
377 3649 427 3715 ita
437 3648 554 3714 dormit
574 3669 644 3713 cum
658 3669 781 3731 uxore,
799 3664 836 3714 ut
854 3671 922 3714 cam
938 3672 976 3714 ne
988 3648 1132 3742 attigerit

159 3770 298 3861 quidem.
323 3768 477 3854 Baacleis,
494 3767 603 3857 quod,
618 3792 655 3833 ea
666 3768 744 3861 viva
759 3792 929 3859 nunquam
940 3769 978 3859 se
997 3796 1132 3840 uxorem

158 3885 348 3969 duiletum,
360 3880 457 3972 steepe
472 3884 501 3949 ei
508 3880 697 3971 promiserat
716 3886 915 3974 Pamphilus,
933 3895 1132 3957 nonnullam

150 4010 218 4111 fibi
231 4009 272 4077 ab
292 4032 326 4076 co
335 4001 460 4093 fict‘lam
477 4003 632 4070 iniuriam
653 4026 778 4094 putans
793 4055 806 4090 ‚
824 4010 925 4077 multo
949 4011 977 4078 ei
996 4012 1132 4097 minus,

161 4156 258 4227 quam
268 4126 420 4220 solebat,
433 4125 570 4215 placida
581 4145 610 4192 ct
620 4124 792 4217 obsequens
806 4122 861 4223 effe
876 4136 989 4223 coepit.
1015 4157 1049 4199 eo
1057 4127 1133 4218 fiac⁴

160 4269 229 4318 turn
248 4246 310 4338 cst,
337 4270 373 4316 ut
398 4247 587 4339 Pamphilus
617 4249 646 4324 ti
661 4249 701 4346 se
727 4253 895 4344 paulatim
908 4255 1134 4349 subduxerit,

221 4370 386 4452 Terentius
416 4374 455 4454 T.
476 4375 528 4455 ΙΙ.
776 4438 779 4443 .
916 4377 949 4449 R

1089 4648 1272 4780 ἢ
