2809 5234
248 544 272 622 '6
346 545 680 620 ADELPHORUM
724 546 1079 621 ARGUMENTUM.

245 713 406 804 denique,
437 737 509 781 turn
546 713 751 780 accubantem
781 736 852 780 cum
878 712 1008 801 amica,
1037 708 1228 802 etsuauiter

245 836 440 926 potirantem
461 833 674 923 deprehendit.
695 832 747 900 Ibe
767 857 839 901 uero
857 854 951 909 tanta
975 834 1147 904 iracundia
1166 835 1222 901 in·
1316 864 1321 871 ·

247 959 368 1025 citatus
382 956 425 1045 est
433 1010 446 1043 ,
463 978 499 1024 ue
513 957 643 1025 arderet.
656 955 744 1048 finis
759 958 817 1026 diu
830 955 1024 1046 uociferatus
1038 986 1111 1029 cum
1125 955 1217 1056 effic,
1267 997 1269 1001 ·

249 1081 378 1152 tandem
401 1081 537 1170 placida
561 1101 592 1148 et
618 1080 790 1176 compofita
820 1083 984 1152 Micionis
1004 1087 1153 1154 oratione
1178 1108 1219 1159 aa

244 1205 454 1295 perducitur,
481 1224 517 1269 ut
528 1254 541 1287 ,
568 1201 710 1298 depefita
734 1225 832 1275 uetere
844 1204 1012 1294 saevitia,
1035 1206 1219 1299 benignus,

248 1319 394 1418 affizbilis
410 1375 421 1410 ,
442 1326 569 1414 lepidus
586 1320 643 1422 effe
658 1328 835 1399 meditetur.
856 1331 964 1421 itaque
980 1327 1050 1421 ipfh
1064 1354 1132 1397 non
1140 1353 1217 1422 pcr-

248 1454 389 1523 mittente
415 1470 562 1533 tantum,
583 1448 647 1539 sed
672 1454 769 1519 eriam
799 1452 953 1539 iubente,
973 1437 1131 1544 puerperi
1156 1453 1217 1519 do-

251 1600 336 1642 rnurn
357 1574 556 1653 traducitur;
568 1572 660 1661 fiunt
674 1573 951 1664 nuptiae;lenoni
969 1593 1152 1667 numeratur
1162 1596 1217 1640 ar·

247 1717 380 1792 gentum
390 1718 405 1773 ,·
437 1693 542 1769 Micio
571 1689 636 1783 ipse
660 1691 830 1791 Sostratam
852 1691 942 1760 ducit
970 1716 1101 1761 uxorem
1110 1715 1126 1774 ;
1155 1692 1215 1757 He·

248 1814 341 1907 pioni
360 1813 484 1896 datur,
512 1811 597 1880 unde
618 1814 738 1896 rivae,·
760 1817 862 1903 Syrus
885 1838 951 1891 una
973 1836 1046 1883 cum
1067 1811 1214 1904 Phrygia

252 1959 353 2004 uxore
374 1937 623 2006 manumittitur.
659 1961 731 2013 cum
756 1937 882 2023 Micio,
913 1936 1061 2025 ceterique
1084 1952 1212 2009 omnes,

243 2057 307 2150 sed
325 2081 430 2124 tamen
445 2057 615 2146 praecipue
639 2056 742 2123 Micia
751 2106 766 2142 ,
789 2057 881 2129 illam
904 2074 1059 2138 tantam,
1085 2071 1152 2118 tam
1164 2049 1212 2114 in-

216 2200 221 2209 ·
245 2181 440 2272 speraram,
467 2200 533 2245 tam
563 2178 710 2271 fiebitam
745 2179 953 2247 mutationem
981 2177 1215 2260 admirantum

145 2286 148 2292 ¹
250 2305 343 2398 gravi
369 2324 399 2370 et
422 2302 552 2370 cordata
578 2305 721 2380 aratione
742 2300 866 2371 claudit
885 2299 1037 2389 fabulam
1059 2303 1214 2372 Demea:

249 2420 282 2519 fi
298 2423 405 2490 omnia
417 2418 635 2514 profundere,
645 2421 685 2519 ſs
705 2424 845 2491 inomni
861 2423 993 2492 libidine
1013 2448 1051 2490 ae
1069 2407 1221 2516 nequitid

253 2542 421 2639 uiverc,fi
439 2565 542 2614 totam
561 2571 623 2613 rem
647 2545 918 2628 helluationibus,
933 2541 1214 2633 scortationibus,

254 2665 477 2760 largitionibus
499 2663 674 2758 constemere
692 2669 788 2734 libeat
802 2692 818 2748 ;
834 2666 937 2733 nihilo
958 2666 995 2731 id
1000 2662 1067 2755 fita
1089 2667 1215 2758 magis,

252 2791 424 2881 aliquanto
449 2788 545 2856 etiarn
570 2788 702 2872 minus,
729 2814 791 2879 qreo
803 2787 869 2884 fibi
892 2789 1000 2858 minus
1023 2791 1136 2856 aetatis
1150 2787 1213 2880 su-

249 2910 367 3004 perfit,
389 2935 486 3001 quarn
507 2912 643 2976 aliorum
656 2905 794 3005 intereffe
803 2935 818 2992 ;
826 2908 884 3006 fin
895 2911 1008 3004 corrigi
1014 2909 1052 3002 se
1068 2911 1103 2977 in
1116 2913 1184 2976 loco
1198 2961 1212 2995 ,

255 3055 284 3105 ct
310 3035 428 3101 modice
453 3034 581 3102 coerceri
610 3052 705 3125 atque
728 3035 891 3100 admoneri
917 3036 1017 3101 velint
1029 3086 1043 3119 ,
1067 3057 1136 3100 eurn
1155 3028 1213 3126 effe

245 3153 306 3262 se,
341 3158 396 3246 qui
424 3158 461 3223 id
482 3155 641 3247 praestare
657 3155 766 3253 poffit.
782 3157 1012 3253 permittuntur
1029 3154 1057 3222 ei
1077 3153 1212 3249 omnia,

256 3276 303 3363 ita
315 3272 436 3367 stabula
458 3278 667 3363 concluditur.¹
