2809 5234
1031 985 1657 1071 Α’ΝΒΒῙΑ,
2253 1013 2351 1089 39

411 1150 537 1220 Per
579 1144 832 1220 ecastor
871 1147 1063 1223 scitu’
1103 1176 1271 1247 puer
1307 1148 1403 1224 est
1445 1170 1639 1224 natus
1677 1148 2053 1248 Pamphilo.

414 1267 613 1338 Deos
643 1267 881 1365 quaeso
902 1318 926 1355 ‚
956 1288 1031 1342 ut
1056 1269 1134 1342 fit
1159 1268 1479 1366 superstes
1519 1284 1536 1317 ¹
1569 1295 1590 1343 ε
1632 1269 2175 1368 quandoquidem
2210 1269 2348 1369 ipse

752 1403 783 1438 2
813 1389 910 1463 est
955 1387 1228 1487 ingenio
1274 1390 1458 1462 bono
1486 1442 1513 1482 ,

417 1500 733 1601 Cumque
764 1502 923 1578 huic
958 1504 1208 1581 veritus
1230 1502 1323 1580 est
1346 1524 1662 1605 optumae
1693 1503 2097 1582 adolescenti
2134 1506 2351 1586 facere

753 1624 1084 1700 iniuriam.
1148 1713 1162 1727 „

418 1758 492 1825 S.
543 1748 671 1824 Vel
718 1749 848 1824 hoc
887 1750 1039 1849 quis
1078 1773 1221 1824 non
1268 1748 1529 1838 credat,
1577 1746 1695 1848 qui
1739 1751 1923 1825 norit
1961 1771 2072 1845 te,
2122 1753 2239 1828 abs
2282 1771 2359 1834 te.

759 1875 891 1949 effe
939 1875 1229 1949 ortum?
1286 1879 1389 1947 D.
1420 1875 1737 1972 quidnam
1776 1874 1846 1949 id
1889 1876 2026 1950 est?
2275 1943 2291 1950 ,

327 1996 331 2001 ’
419 2008 493 2075 S.
528 2003 715 2078 Non
772 1998 1140 2100 imperabat
1188 2021 1471 2087 coram,
1517 1994 1681 2094 quid
1743 2021 1914 2098 opus
1963 1994 2165 2077 facto
2190 2000 2354 2076 effet

750 2114 1169 2224 puerperae-⁵:
2262 2149 2357 2202 10

412 2249 544 2326 Sed
602 2248 952 2348 postquam
1003 2245 1252 2348 egress'a
1308 2243 1445 2339 est,
1493 2243 1666 2334 illis,
1727 2261 1896 2343 quae
1945 2243 2092 2322 fimt
2126 2247 2350 2343 intus,

751 2370 987 2444 clamat
1031 2371 1115 2443 de
1158 2368 1291 2445 via.

414 2498 486 2568 O
528 2478 780 2585 Dave,
821 2494 980 2568 itan’
1028 2514 1431 2571 contemnor
1475 2491 1592 2567 abs
1635 2488 1758 2566 te?
1807 2511 1922 2568 aut
1969 2492 2147 2568 itane
2201 2519 2385 2599 tang

756 2619 911 2690 dem
957 2616 1243 2693 idoneus

419 2743 581 2818 Tibi
618 2742 863 2821 videor
896 2741 1023 2815 effe
1048 2794 1073 2834 ‚
1115 2766 1332 2841 quem
1364 2760 1505 2818 tam
1543 2766 1768 2843 aperte
1803 2743 2092 2820 fallere
2071 2743 2351 2844 incipias

758 2861 991 2937 dolis?

417 2987 651 3064 Saltim
698 2999 1003 3061 accurate
1036 2994 1112 3071 3,
1154 2995 1229 3054 ut
1270 2976 1746 3075 metui-videar
1788 2997 2012 3068 certe,
2049 2980 2099 3052 fi
2143 2981 2350 3057 resci-

755 3107 1000 3182 verim.
1605 3104 1619 3123 ‘

420 3239 523 3312 D.
553 3249 587 3296 ⁴
612 3232 813 3306 Certe
839 3229 1062 3304 hercle
1089 3255 1266 3305 nunc
1294 3228 1406 3306 liic
1439 3227 1508 3307 se
1546 3227 1719 3327 ipsus
1756 3225 1964 3321 fallit,
1989 3224 2170 3298 haud
2197 3248 2352 3323 ego,

758 3361 832 3426 S.
875 3354 1126 3428 edixin’
1166 3354 1341 3428 tibi?
2260 3373 2288 3419 1
2309 3371 2351 3444 ς

415 3474 880 3554 Interminatus
917 3477 1119 3551 sum
1089 3526 1116 3565 ,
1162 3503 1245 3551 ne
1290 3474 1593 3549 faceres?
1633 3496 1799 3546 num
1837 3467 2134 3546 veritus?
2188 3466 2353 3567 quid

758 3604 979 3677 retulit
1005 3604 1041 3675 ἓ

307 3794 314 3801 ,
414 3728 719 3803 Credon’
744 3726 864 3800 tibi
892 3727 1024 3798 hoc
1064 3749 1276 3807 nunc,
1311 3720 1633 3825 peperifl‘e
1666 3670 1904 3793 hanc-a
1945 3714 2288 3816 Pamphilo
2319 3715 2359 3790 ἓ

417 3847 527 3920 D.
574 3849 856 3932 Teneo‚
904 3845 1068 3943 quid
1120 3861 1338 3917 erret.
1382 3861 1452 3918 et
1497 3842 1662 3940 quid
1700 3867 1935 3942 agam,
1975 3842 2217 3916 habeo.
2279 3844 2359 3920 S.

757 3965 927 4062 quid
970 3971 1201 4038 taces?

513 4177 541 4219 ι
598 4156 635 4221 l.
676 4156 781 4221 int.
814 4156 1003 4238 patri
1038 4153 1078 4215 1.
1119 4173 1333 4236 expone
1447 4154 1550 4218 sed
1560 4176 1716 4219 caute
1733 4178 1826 4218 me
1843 4152 2080 4218 fefellisse
2096 4151 2357 4216 debebas.¹

404 4268 619 4352 salvus.
1524 4286 1564 4340 4
1590 4265 1688 4326 Ad
1710 4265 2038 4347 speftatores
2057 4259 2357 4325 conversus

503 4397 557 4437 2.
590 4374 685 4433 int.
726 4369 1060 4455 Pamphilus.
1270 4386 1276 4399 ¹
1441 4369 1694 4454 loquitur.

491 4500 526 4567 3
546 4483 601 4549 h.
621 4480 862 4552 &saltim
888 4500 1003 4544 non
1024 4482 1101 4542 ita
1116 4494 1328 4564 aperte,
1452 4536 1457 4547 ,

1808 4525 1972 4655 <34
