2809 5234
478 831 809 904 HECYRh
1059 827 1125 922 ἡ)

157 1003 203 1074 1.
223 998 324 1089 Tuos
338 993 405 1067 elle
422 1020 490 1094 ego
505 993 555 1065 illi
571 1017 686 1066 mores
707 992 869 1083 morbum
883 988 1012 1087 magis,
1025 1012 1132 1087 quam

350 1116 457 1187 ullam
477 1113 577 1185 aliam
600 1134 695 1201 rem,
720 1109 896 1202 arbitrort

161 1245 205 1319 Et
220 1238 346 1314 merito
367 1238 455 1310 adeo
478 1259 487 1303 ε
514 1229 924 1327 aamyostrarumpulla
944 1228 1022 1325 est,
1046 1232 1131 1330 quin

159 1439 164 1463 ¹
354 1379 497 1459 gnatum
521 1356 609 1431 velit

158 1488 302 1565 Ducere
321 1507 469 1557 uxorem
491 1506 500 1554 ε
525 1499 562 1553 et
578 1495 667 1578 quae
694 1479 799 1554 vobis
821 1477 947 1577 placita
974 1475 1024 1552 est
1044 1503 1134 1552 con·

351 1582 495 1694 ditio'=‚
525 1604 656 1676 datur:

160 1729 232 1817 Ubi
251 1729 381 1802 duxere
403 1725 555 1824 impulsu
575 1727 721 1814 vollt03
745 1724 866 1801 vostro
889 1724 1044 1824 impulsu
1063 1723 1137 1800 eas·-

354 1851 434 1922 dem
451 1848 608 1945 exigunt.
1086 1870 1131 1945 45

154 2054 157 2062 ·
282 2065 504 2134 Aeros
550 2064 610 2136 11.
667 2062 876 2134 scam
920 2033 1034 2132 1122

240 2242 511 2333 uutotpptu,
543 2243 748 2332 tucher,
779 2240 1040 2314 tostam.

156 2374 348 2545 REM
364 2458 436 2533 scio
457 2485 549 2560 ego,
571 2461 802 2555 Philumena,
826 2486 945 2539 meum
966 2462 1021 2539 ius
1045 2463 1136 2561 effe,

360 2604 399 2662 ut
420 2605 455 2660 te
476 2613 626 2687 cogam,

158 2714 262 2808 Quae
281 2735 355 2812 ,ego
379 2714 572 2812 imperem,
603 2715 717 2803 sapere
739 2740 749 2785 ε
772 2741 840 2817 ego
867 2735 989 2794 tamen
1018 2717 1135 2816 patrio

333 2838 335 2845 '
349 2836 469 2909 animo
489 2837 600 2910 vitius
620 2836 769 2929 faciam,

156 2959 278 3034 Uttibi
288 2961 479 3037 concedam
485 2986 622 3063 3peque
634 2979 715 3054 tuae
725 2959 860 3037 libidini
879 2956 1131 3036 ³advorsabor.

154 3176 436 3259 quaevetatideatur
446 3172 505 3236 seni
515 3197 524 3250 3
534 3176 601 3239 hinc
682 3173 847 3258 spophone,
857 3193 929 3259 quae
942 3171 1071 3236 mitioris
1081 3191 1132 3251 pa·

153 3285 249 3342 denuo
263 3282 390 3342 acerbius
400 3281 556 3345 invehitur.
680 3285 732 3347 tris
747 3285 875 3363 animum
889 3276 1026 3360 praefert.
1048 3276 1131 3337 Hinc

194 3407 209 3450 1
231 3387 300 3448 Stil.
320 3388 477 3464 uxoria;l.
500 3392 601 3473 potius
683 3393 775 3451 oritur
800 3388 936 3449 Lachetis
963 3387 999 3446 ele
1020 3406 1130 3447 retenta

150 3496 212 3579 ipsa
224 3502 316 3582 virgo,
332 3501 373 3559 uti
395 3501 511 3562 Phorm.
533 3501 597 3575 IV,
681 3506 754 3560 auru
763 3499 956 3581 expostulatio
968 3491 1128 3571 honestior,

155 3628 187 3679 1,
204 3630 238 3686 «3
262 3618 289 3668 &
307 3609 370 3668 cic.
391 3608 467 3671 Phil.
488 3611 517 3667 ΙΙ
529 3655 537 3682 ,
559 3616 595 3686 38
680 3615 728 3674 etti
752 3611 845 3673 causas
871 3634 971 3674 motae
998 3614 1127 3694 opponit

151 3711 205 3791 sq.⁴
217 3711 286 3769 hine
309 3711 482 3790 improbitas
502 3714 596 3772 maior
679 3735 738 3775 tant
757 3716 927 3800 ambiguas,
945 3737 977 3778 ut
999 3716 1125 3777 firmetur

149 3836 263 3889 eatum3
273 3835 342 3897 quas
350 3813 500 3898 elegerunt
508 3812 596 3894 ipsae,
678 3816 814 3881 Lachetis
827 3819 953 3901 suspicio
964 3823 1127 3884 contraSo-

150 3929 218 3990 dein
228 3927 361 3986 oderunt.
601 3972 605 3980 -
676 3931 799 3991 stratam.

189 4059 206 4097 ι
229 4037 390 4118 Phidippus
423 4038 513 4096 domo
543 4036 591 4098 sua
715 4059 729 4116 3
752 4040 820 4119 Qua
847 4063 920 4103 voce
937 4063 1035 4104 tamen
1059 4041 1124 4102 sub·

147 4148 300 4231 egrediens
314 4146 474 4208 sermonem
485 4170 549 4209 cum
562 4148 593 4208 fi·
675 4151 784 4210 accusat
808 4151 918 4227 filiam,
943 4158 1023 4236 quod
1038 4176 1124 4234 prae·

101 4256 104 4267 '
147 4253 188 4318 lia
207 4253 393 4327 Philumena,
416 4276 506 4341 eaque
529 4258 588 4315 So·
674 4258 873 4318 tertationem
890 4269 919 4319 δε
932 4280 1058 4345 aequum
1068 4264 1122 4324 tlo-

148 4361 246 4424 stratae
268 4384 362 4436 nutu,
382 4363 528 4428 concludit
545 4387 591 4426 re·
674 4388 725 4427 mo
747 4368 842 4431 mariti
865 4367 980 4431 abierit.

215 4533 229 4574 Ι

1124 4580 1252 4772 a!
