2809 5234
308 920 877 994 incausatum
1038 946 1103 1020 1„

138 1109 169 1159 te
184 1082 217 1157 fr
230 1114 316 1168 eum,
331 1082 364 1156 δ’
378 1112 438 1155 rem
451 1111 517 1154 una
526 1086 694 1176 perdideris
707 1106 807 1152 tuam.
812 1082 916 1180 fimul
923 1087 952 1153 ei
962 1087 1109 1184 oslendit,

141 1235 220 1306 quot
228 1212 425 1280 incommoda
436 1232 583 1300 capturus
584 1208 644 1306 fit,
650 1206 683 1302 fi
687 1231 754 1276 tarn
765 1209 856 1275 molli
869 1203 978 1303 estse,
987 1231 1109 1300 tamque
1206 1302 1210 1311 Ι

139 1335 276 1424 infraflo
290 1337 399 1402 animo
418 1333 587 1421 ostenderit.
621 1334 746 1400 Cliniae
764 1333 899 1400 amicam
920 1329 1013 1425 (earn
1028 1337 1109 1404 enirn

142 1460 328 1531 Bacchidem
341 1453 560 1555 exssimabat)
577 1484 643 1525 non
656 1458 720 1524 iam
732 1460 954 1547 pauperculam
968 1452 1039 1552 effe,
1054 1480 1112 1528 aut

139 1608 242 1677 parvo
262 1560 461 1664 eonientam‚
476 1604 510 1648 ue
532 1605 627 1649 antea
635 1607 650 1664 ;
660 1581 723 1671 sed
733 1580 970 1671 sumptuosam,
980 1585 1111 1674 gemmis

143 1730 238 1800 atque
260 1732 338 1775 auro
366 1709 586 1790 collucentem,
612 1731 681 1773 cum
705 1702 840 1791 familia
865 1704 1113 1800 numerosffirna.

150 1834 253 1919 Una,
269 1833 390 1924 inquit,
409 1829 487 1896 milti
500 1853 569 1896 nox
583 1850 708 1896 tanturn
720 1852 786 1895 non
802 1848 1011 1917 paupertatem
1028 1852 1115 1899 attu-

147 1958 213 2038 lit,
235 1958 347 2024 nedum
367 1975 401 2021 tu
425 1975 453 2020 tc
470 1950 590 2042 censeas
617 1954 701 2020 oneri
716 1950 854 2039 feriendo
866 1951 954 2039 fhre,
965 1952 1005 2050 st
1019 1977 1047 2021 te
1064 1956 1114 2023 illi

144 2101 285 2173 perpetuo
296 2077 472 2167 sumptibus
483 2076 681 2166 suppeditare
695 2097 842 2165 oporteat.
860 2075 935 2167 quin
948 2099 983 2145 tu
995 2077 1043 2146 ira
1054 2105 1116 2170 po·
1136 2109 1139 2116 ·

148 2205 216 2274 tius
231 2205 340 2297 agito,
359 2202 493 2270 humane
513 2201 634 2292 quidem
648 2194 681 2267 ὁ
694 2201 816 2266 comiter
830 2199 967 2291 excipito
977 2201 1085 2288 filium
1101 2227 1115 2270 .·

150 2328 233 2429 isiud
250 2349 356 2396 tamen
383 2348 449 2394 tam
476 2328 630 2415 impotens
654 2323 743 2390 illius
768 2319 942 2416 defiderium
964 2330 1117 2395 oecultum

151 2452 270 2519 habeto.
283 2447 390 2545 tumst
403 2452 471 2532 ille,
485 2451 569 2542 quod
584 2449 702 2515 amicae
717 2447 785 2531 det,
800 2469 835 2515 ut
851 2447 979 2535 habeat,
993 2452 1117 2519 machi·

153 2598 230 2641 nam
252 2572 409 2662 adversum
424 2595 452 2642 te
470 2576 612 2665 aliquam
618 2571 734 2671 struet,
751 2566 834 2659 falli
852 2570 996 2668 testnito.
1019 2574 1066 2641 ita
1084 2569 1117 2643 δ’

153 2720 223 2766 eum
244 2696 435 2763 commodius
450 2699 589 2764 retinebis
604 2701 692 2788 apud
707 2718 755 2778 te,
772 2692 805 2766 ἃ
811 2697 997 2788 sumptuum
1011 2700 1117 2788 settim

153 2821 273 2888 minus.
297 2818 388 2887 Haec
404 2819 563 2908 Chremes,
575 2822 694 2913 nescius
705 2819 853 2912 (uestem
868 2818 1031 2919 humana)
1045 2848 1118 2895 ocu·
1144 2799 1146 2804 V

156 2947 255 3011 lacurn
266 2942 351 3031 fieris
365 2937 481 3041 esest,
496 2969 616 3014 eaeeurn
629 2948 725 3013 dorni.
751 2947 873 3014 Interea
888 2949 970 3015 enim
988 2951 1121 3017 medita·

155 3069 247 3137 latter
266 3071 391 3160 Synes,
411 3071 510 3139 decem
536 3071 767 3162 minas,·quas
788 3072 941 3139 Bacchidi
962 3074 1122 3163 pollicitus

157 3214 223 3262 erat
243 3195 314 3260 dare
325 3234 337 3275 ,
350 3218 403 3261 aas
422 3196 574 3284 quomodo
593 3194 639 3262 illi
655 3220 677 3261 a
691 3194 838 3263 Chremeta
858 3194 925 3285 ipfh
943 3195 1121 3282 conficeret:

158 3318 278 3408 iamque
298 3317 379 3385 inibi
399 3339 483 3400 erat,
497 3342 568 3386 curn
586 3342 655 3385 eum
676 3320 816 3387 Chremes
834 3339 987 3409 arreptum
1011 3319 1122 3385 blande

159 3443 337 3533 compellat,
350 3442 567 3534 hortaturque,
581 3441 720 3533 aliquam
735 3444 780 3510 ad
793 3443 1006 3510 Menedemum
1016 3440 1123 3530 stalla·

159 3566 241 3635 eiam
260 3569 418 3637 moliatur.
439 3567 550 3636 Iniecit
564 3568 601 3637 in
613 3565 757 3658 sermone
775 3568 880 3657 Syrus
896 3567 1088 3634 mendacium
1101 3592 1123 3636 a

151 3688 188 3780 se
205 3716 265 3782 pro
285 3712 416 3781 tempore
439 3689 628 3779 consilum:
651 3717 749 3760 anum
779 3687 1000 3778 Corinthiam,
1020 3694 1125 3762 Anti-

158 3813 265 3900 philae
283 3809 451 3903 (itaenim
469 3809 667 3909 putabatur)
688 3836 837 3902 matrem,
858 3816 941 3884 mille
959 3818 1126 3885 drachma·

163 3957 231 4000 turn
252 3953 361 4000 mutuo
382 3929 522 4029 aceepise
535 3961 557 4003 a
573 3936 751 4006 Bacchide:
773 3964 809 4006 ea
830 3964 973 4028 mortua,
986 3944 1125 4031 puellam

114 4154 117 4159 Ι
151 4098 156 4109 ·
159 4081 218 4148 pro
232 4057 367 4149 pecunia
388 4055 447 4123 illa
461 4057 629 4130 arrhaboni
645 4060 791 4130 relit‘lam.
820 4066 914 4134 Dum
932 4064 1004 4131 haec
1024 4088 1127 4155 agun-

124 4263 126 4266 .
164 4201 236 4270 tur,
249 4184 407 4250 annulum
417 4183 516 4271 suum
529 4185 661 4276 agnouit
674 4184 814 4282 Sostrata
825 4202 838 4271 ,'
852 4188 972 4276 eiusque
985 4184 1126 4272 indicio,

163 4305 367 4397 Antiphilam
377 4303 486 4392 filiam
489 4298 587 4397 suam
601 4302 654 4402 effe
665 4309 820 4399 cognovit.
836 4307 953 4399 gaudio
965 4301 1129 4399 exsiliens,

165 4428 285 4502 amitten
299 4455 361 4502 rem
373 4428 472 4520 desm
483 4430 529 4499 ad
540 4430 642 4499 uirum
650 4456 668 4516 ς
683 4431 759 4520 qui,
774 4453 810 4498 ta
823 4428 928 4497 leuiter
943 4428 1130 4526 obiurgata,
