2809 5234
212 804 338 894 -218'
456 816 496 893 P.
543 809 937 888 TERENTH

218 984 317 1058 Dum
332 973 475 1052 nimium
487 977 554 1050 dici
567 1002 632 1049 nos
640 976 754 1048 bonos
766 972 938 1046 studemus
955 983 990 1043 et
1007 969 1209 1073 benignos}

219 1105 396 1202 Itafitgias
411 1159 424 1194 ,
441 1132 479 1175 rte
498 1129 623 1198 praeter
644 1103 749 1196 ceſsem
772 1116 807 1190 ¹,
825 1098 923 1196 quod
941 1097 1061 1173 aiunt.
1080 1126 1209 1175 nonne

422 1228 459 1301 id
481 1225 529 1297 sat
550 1242 644 1312 erat,

219 1351 388 1449 Accipere
420 1351 463 1422 ab
490 1349 554 1421 iilo
580 1347 769 1420 iniuriam?
797 1345 901 1419 etiam
927 1361 1134 1441 argentum
1160 1345 1209 1421 est

413 1473 508 1545 uitro
539 1470 740 1556 obiectum,

217 1591 381 1692 Utsrtqui
391 1591 501 1679 vivat,
513 1590 595 1661 dum
606 1587 698 1659 aliud
708 1584 839 1683 aliquid
849 1582 967 1681 flagitii
977 1584 1174 1660 conficiat.
1187 1608 1203 1682 5

221 1725 266 1794 G.
289 1717 477 1791 Planiffime
497 1731 520 1788 ².
549 1718 597 1786 D.
624 1713 676 1784 his
695 1737 788 1784 nunc
809 1711 1000 1807 praemium
1037 1711 1121 1806 est,
1144 1715 1205 1815 qui

353 1915 357 1923 ,
414 1835 504 1907 reeta
524 1843 632 1929 pra'va
657 1830 799 1905 faciunt.

222 1969 268 2040 6.
292 1964 481 2039 Verissime.
508 1966 559 2035 D.
583 1982 623 2034 ur
642 1959 827 2034 stulriffime
854 1958 994 2058 quidem
1011 1959 1068 2034 illi
1093 1982 1104 2025 ⁵
1125 1989 1201 2039 rem

412 2091 621 2190 gesserimus.

221 2220 266 2290 G.
284 2216 396 2288 Modo
419 2233 458 2287 ut
477 2216 546 2287 hoc
565 2212 709 2286 consilio
725 2211 847 2310 poffiet
868 2206 1019 2300 discedi,
1038 2228 1083 2283 ut
1096 2212 1197 2286 issant

323 2390 326 2397 .
412 2335 515 2408 ducat
532 2352 560 2407 ⁴.
613 2338 620 2351 '

215 2559 348 2619 gaurus,
362 2555 392 2595 ut
411 2557 474 2596 cum
490 2536 601 2595 Phanio
612 2535 656 2594 lo·
739 2538 775 2596 tir
792 2536 844 2596 erit
858 2534 998 2606 iniuriae3
1015 2535 1033 2593 fi
1051 2557 1190 2617 praeter-

214 2661 325 2725 quatur.
336 2641 406 2700 Mox
414 2664 473 2720 exp.
484 2641 590 2722 effrint.
599 2664 655 2703 ma·
737 2644 821 2713 ierit,
840 2640 914 2700 ultro
937 2637 963 2696 se
983 2639 1059 2699 hosti
1073 2646 1190 2719 praebi·

213 2745 332 2819 1053cf.
352 2745 456 2806 Heaut.
479 2749 529 2820 ΙΙ,
550 2770 585 2825 3,
610 2754 638 2808 8.

258 2872 270 2909 r
298 2851 383 2910 Prov.
407 2854 485 2935 quod
506 2854 587 2913 Don.
601 2876 653 2913 er-

211 2957 318 3039 ponit:
342 2980 374 3016 rre
395 2977 542 3038 praetereas
566 2961 651 3039 refiert

210 3083 282 3122 trum
294 3107 304 3133 ,
316 3064 424 3143 quaefit
441 3065 486 3121 tibi
501 3065 649 3142 tutiffimrtm

210 3170 406 3248 receptaculum.
420 3167 505 3227 Plura
518 3170 542 3226 is
553 3169 630 3227 addit
644 3214 652 3241 ,

209 3273 287 3333 velut
328 3276 452 3333 incertus
487 3271 651 3332 sententiae.

208 3378 266 3440 Sed
287 3389 315 3440 δι
331 3401 378 3448 ea,
400 3386 426 3437 &
449 3376 521 3460 quae
549 3399 651 3437 recen-

208 3485 296 3543 tiores
310 3483 398 3543 multa
415 3478 594 3564 congredere,
614 3483 649 3544 ad

209 3587 416 3647 obscurandum
438 3591 547 3671 magis,
567 3610 653 3671 quam

209 3692 245 3750 ad
255 3691 448 3752 illustrandum
457 3695 654 3775 proverbium,

208 3798 378 3855 omittimus.
407 3799 494 3861 Poeta
519 3802 602 3862 nobis
626 3826 652 3865 v.

208 3903 250 3986 sq.
274 3906 311 3962 ita
331 3906 440 3983 praeire
466 3909 597 3982 videtur,
620 3929 650 3970 ut

209 4012 379 4082 credamur,
407 4015 561 4089 proverbio
588 4018 649 4072 rno-

207 4117 280 4183 neri,
291 4137 326 4174 ne
341 4115 404 4199 quis
416 4117 525 4175 hostem
539 4118 649 4201 fugien-

208 4221 247 4277 do
268 4219 357 4280 casam
374 4241 528 4301 praetereat
549 4222 646 4297 suarn3

206 4324 239 4382 in
256 4345 342 4406 quam
360 4327 418 4390 fise
434 4330 593 4414 receperit,
609 4328 649 4392 sa-

734 2767 811 2807 turus
837 2747 882 2819 iit,
909 2746 1026 2803 iniuriis
1053 2746 1188 2808 afficien-

738 2855 824 2924 dum,
844 2851 1036 2932 spoliandum.

776 2951 960 3017 rAss'entans
989 2957 1102 3018 deridet
1132 2961 1186 3021 ho·

732 3067 839 3124 minem
855 3061 916 3123 sero
931 3061 1102 3141 sapientem.

779 3192 791 3248 3
818 3171 846 3230 lr.
869 3191 894 3229 e.
917 3191 971 3249 pro
996 3168 1071 3242 illo,
1090 3175 1184 3238 utini

734 3269 1185 3356 praemiumeffet.8iclulianur

736 3379 771 3439 L.
786 3378 898 3463 quotics
913 3381 951 3440 D.
965 3381 999 3440 de
1014 3379 1099 3444 solut.
1110 3404 1182 3446 tam·

732 3507 809 3565 quom
833 3488 960 3567 negotium
989 3510 1030 3547 reo
1059 3490 1181 3572 geffiffet.
1218 3565 1227 3585 ἐ

734 3589 798 3650 Alii
817 3589 944 3652 malunt
976 3595 1181 3659 adverbialiter

735 3693 807 3756 sumi
827 3719 882 3778 pro
900 3699 974 3771 illie,
994 3701 1026 3758 in
1043 3720 1077 3760 ea
1095 3721 1137 3762 re.

776 3830 795 3880 4
818 3805 863 3865 Ut
890 3803 1044 3865 stulriffimo
1064 3809 1181 3873 stultius

734 3911 860 3970 videatur
879 3909 1042 3982 confilium,
1064 3916 1181 3980 etiama

731 4015 860 4075 mutabili
875 4017 971 4076 animo
985 4014 1180 4083 Phormionis

732 4139 838 4179 metum
860 4123 977 4195 incutit3
999 4122 1030 4181 in
1055 4145 1117 4209 quo
1137 4131 1181 4192 est

728 4227 910 4307 praeparatio
930 4223 1026 4288 futuri.
