2809 5234
419 848 766 924 ·HECYRn
1037 866 1105 941 3η

140 1021 209 1096 Pa.
231 1020 306 1115 Ego
331 1038 388 1085 me
414 1010 486 1086 scio
517 1011 662 1103 cavisse,
684 1035 729 1083 ne
749 1006 819 1080 ulla
839 1003 966 1081 merito
986 1027 1124 1087 comm,

125 1118 127 1123 ⁵
337 1136 464 1220 melia,
700 1196 705 1205 .
979 1219 980 1223 ¹
1066 1156 1113 1204 20

124 1262 230 1346 'Fieri
250 1294 269 1341 a
285 1265 388 1341 vobis
413 1262 545 1361 posset:
559 1261 665 1361 idque
687 1258 712 1332 sr
732 1282 826 1332 nunc
846 1281 1040 1332 memorare
1056 1256 1114 1330 hic

333 1388 468 1476 velim,

145 1521 261 1612 Quam
286 1514 380 1588 fideli
405 1513 522 1585 animo
557 1529 592 1583 et
620 1511 773 1610 benigno
804 1511 845 1584 in
871 1510 965 1584 illam
987 1528 1022 1584 et
1044 1508 1117 1585 cle-

346 1629 453 1701 menti
478 1627 528 1699 fui
548 1645 589 1719 ¹,

145 1753 240 1825 Vere
271 1751 425 1850 possum
452 1752 488 1824 ni
512 1771 548 1825 te
581 1778 624 1825 ex
655 1751 727 1850 ipsa
761 1753 847 1828 haec
870 1753 979 1852 magis
1009 1754 1118 1829 v'elim

348 1872 539 1949 resciscere.

146 1997 306 2096 Namque
332 2022 376 2070 eo
399 1996 501 2094 pado
527 2020 688 2069 maxume
712 1995 805 2092 apud
824 1978 964 2069 temeo¹
983 1997 1048 2069 erit
1065 1995 1119 2068 in-

342 2121 447 2218 genio
464 2119 576 2207 fides3
811 2115 815 2122 ’

148 2242 240 2316 Cum
261 2241 348 2333 illa,
367 2268 456 2341 quae
483 2268 576 2316 nunc
595 2242 631 2314 in
648 2268 703 2315 me
721 2242 847 2347 iniqua,
860 2241 930 2334 est,
949 2268 1059 2343 aequa
1075 2243 1119 2317 de

351 2390 407 2438 me
439 2366 577 2442 dixerit.
618 2388 625 2416 s
1074 2391 1117 2465 25

149 2483 274 2582 Neque
290 2507 367 2554 mea
387 2482 489 2580 culpa
510 2486 580 2556 hoc
602 2484 783 2558 discidium
812 2486 988 2579 evenisse,
1009 2489 1121 2562 idre-

361 2585 432 2680 sior
460 2607 557 2682 deos.

152 2726 219 2800 Sed
248 2726 390 2825 quando
421 2724 490 2799 sese
520 2724 588 2798 effe
618 2724 794 2825 indignam
816 2747 830 2779 ²
853 2732 997 2829 deputat
1023 2732 1126 2806 matri

347 2877 474 2945 meae,

153 2978 225 3052 Cui
245 2981 437 3069 concedat,
457 2976 624 3082 cuiusque
644 3003 762 3052 mores
789 2979 949 3052 {coleret
969 2976 1029 3051 sua
1045 3001 1127 3051 mo·

351 3102 496 3209 destiae
672 3100 674 3105 ’

143 3312 147 3317 “
186 3335 214 3375 ἰ
237 3314 295 3376 Pr‘o
308 3314 416 3394 fiterim.
681 3320 847 3379 decetvobis.
868 3315 1001 3377 Sic-Eun.
1021 3299 1070 3390 V,
1085 3335 1127 3392 2,

200 3447 218 3484 2
240 3424 267 3484 h.
280 3447 306 3484 e.
312 3425 407 3506 senon
431 3443 601 3507 optumae-

159 3557 236 3615 quam
249 3532 296 3614 effi
309 3579 317 3607 ,
329 3556 380 3593 non
397 3557 532 3616 congmere
546 3557 602 3594 ma·

159 3641 193 3698 tri
205 3660 296 3710 meae,·
310 3637 396 3716 plane
409 3640 450 3696 uti
466 3638 602 3698 Graeco-

160 3771 225 3809 rum
246 3749 357 3816 ιξιοςδι
373 3750 485 3817 ωαξης.
506 3748 605 3810 Verba

163 3848 199 3908 ab
219 3850 310 3928 aequis
334 3848 451 3907 lancibus
470 3847 604 3928 sumpta,

164 3972 237 4035 quae
255 3970 368 4032 praeter
386 3952 475 4033 genic.
497 3952 557 4024 rei,
571 3974 603 4011 e-

164 4060 234 4118 tiam
258 4056 382 4117 dativum
398 4054 537 4139 personae
554 4059 607 4118 ad-

164 4168 291 4226 mittunt.
301 4162 508 4246 Proprietatem
518 4166 606 4247 igitur

165 4278 246 4336 vocis
262 4285 291 4336 &
303 4273 444 4336 Graecam
465 4275 606 4334 rationem

166 4382 293 4468 sequitur
318 4384 387 4446 Ter.
411 4380 537 4460 dimilcm
560 4381 607 4444 illi

686 3447 722 3501 ²5
739 3443 769 3484 at
784 3443 812 3483 tu
833 3425 970 3504 cadigam,
993 3419 1045 3478 ribi
1067 3441 1128 3478 non

684 3553 846 3616 congruens
863 3550 940 3601 crat,
959 3550 985 3589 te
1000 3550 1059 3587 non
1079 3529 1129 3587 de·

686 3641 782 3712 cebet,
803 3640 849 3719 qui
858 3621 962 3716 βατὶς
976 3657 1129 3696 contume-

685 3752 764 3812 liam.
786 3751 890 3834 Neque
913 3754 1001 3834 igitur
1016 3749 1131 3809 decebat

687 3850 781 3910 Bentl.
796 3850 917 3910 lcNioni
938 3855 1032 3913 codd.
1053 3854 1132 3913 anti-

685 3951 824 4037 quiffimis
846 3955 980 4036 probatae
1003 3957 1061 4013 vim
1084 3958 1134 4013 in·

690 4059 764 4119 ferre
781 4083 807 4120 v.
821 4061 862 4146 sq.
881 4086 947 4143 quae
965 4083 1036 4121 conc.
1053 4084 1134 4141 quae·
1155 4125 1158 4131 ,

686 4189 736 4246 que
754 4163 809 4224 eius
822 4175 876 4226 dcc.
889 4166 938 4226 Al.
956 4169 1085 4248 interpp.
1101 4168 1134 4226 in

687 4273 750 4334 luto
773 4273 917 4335 haesitant.
973 4351 977 4359 ι
1023 4295 1027 4304 ’

732 4407 746 4465 3
757 4383 854 4467 Quos,
863 4404 893 4447 ut
906 4383 1134 4463 vetustior,haud

960 4570 1244 4768 ,Γ
