2809 5234
381 799 474 873 ΑΙ)
523 796 958 919 ADELPHQS.
1099 755 1182 891 ⁴373

212 962 362 1031 laborant
385 957 526 1041 Critici,
541 980 684 1047 quorum
698 981 774 1025 cura
787 955 885 1026 hodie
901 959 1007 1048 maior
1020 957 1189 1026 odionario

211 1053 319 1124 evasit.
345 1049 577 1121 Diversrmode
598 1072 679 1119 vero
699 1050 841 1118 eduntur
861 1055 917 1114 er
937 1072 1001 1136 pore
1018 1053 1114 1136 supra.
1138 1053 1191 1133 sed

213 1145 312 1224 (aliis
326 1145 492 1212 omittitur
506 1153 519 1221 )
534 1145 658 1248 puisnam
673 1141 737 1218 (ai.
750 1149 881 1228 *quidnam
895 1150 909 1219 )
919 1143 995 1227 fieres
1016 1141 1077 1219 (al.
1085 1145 1159 1226 soris
1173 1150 1189 1221 )

213 1243 325 1323 crepuit.
340 1234 394 1322 Sy.
409 1261 485 1298 mane
494 1281 505 1307 ,
527 1259 604 1298 mane
619 1239 631 1297 i
646 1235 702 1319 ipse
721 1234 880 1318 tx'ii'firras.
896 1228 1054 1319 Cum'ap.
1072 1254 1190 1302 omnes

212 1325 324 1398 versus
344 1323 481 1393 excedat
502 1325 723 1405 odionarium,
749 1326 937 1391 emittimur
953 1344 1028 1390 tum
1050 1319 1190 1391 Erasmo

213 1419 352 1486 alterum
367 1443 443 1482 mane
450 1445 463 1495 ;
479 1423 511 1481 dc
522 1423 647 1503 crepuit,
664 1412 754 1503 quod
768 1413 906 1485 libretiis
924 1416 958 1487 'm
973 1418 1084 1485 mente
1101 1434 1190 1503 erat„

212 1510 271 1579 ubi
297 1531 364 1576 vox
380 1513 457 1594 firm
477 1506 670 1598 legebatur,
692 1502 906 1593 emendamus
919 1498 965 1569 ‘in'
983 1512 1050 1569 exit.
1072 1502 1191 1572 iisdem

215 1597 326 1670 verbis
348 1596 523 1686 respondet
547 1594 647 1688 Syrus
659 1592 726 1682 Ipse
738 1606 752 1674 (
762 1585 860 1693 sititet
874 1617 974 1682 quem
989 1593 1152 1679 laudasti.)
1161 1599 1192 1681 s.

214 1719 238 1756 e.
253 1689 383 1758 Placuit
399 1694 445 1757 ita
459 1691 584 1778 magis,
611 1710 711 1776 quam
734 1673 798 1754 alia
822 1684 1010 1759 emendatio
1025 1708 1034 1754 τ
1046 1689 1103 1771 sed
1125 1694 1194 1773 quid

216 1804 272 1848 ram
284 1784 358 1868 fim's
375 1790 486 1869 crepuit.
619 1842 633 1853 ,,
732 1854 747 1862 ..
775 1830 785 1847 .
810 1838 814 1845 ,
914 1780 919 1791 ’
1053 1784 1056 1789 ’
1151 1817 1153 1821 <

221 1884 224 1900 ²
261 1872 319 1942 lin.
337 1879 365 1940 6.
380 1901 427 1938 me.
443 1870 495 1940 Sic
506 1866 627 1943 Bemb.
642 1867 702 1936 Al.
718 1876 847 1957 praeter
859 1891 929 1936 rem
944 1870 1022 1933 men’.
1153 1954 1156 1959 .

267 1963 324 2034 lin.
338 1963 367 2031 8.
382 1991 489 2051 quaero.
510 1959 564 2030 Sic
579 1959 731 2050 plerique
745 1957 903 2027 Mst·A1.
917 1966 1050 2047 quaerito,
1064 1978 1194 2048 praeter

204 2076 374 2127 metrum.
517 2064 519 2069 '

226 2216 229 2222 .
263 2149 321 2216 lin.
342 2139 840 2233 10.rrrstutam·.Bemb.nrprrrem.

265 2242 323 2307 lin.
341 2259 390 2304 12.
414 2235 536 2304 Versus
551 2234 602 2301 hic
623 2259 742 2326 magna
761 2231 973 2305 inconstantia
987 2232 1103 2304 editur.
1117 2233 1195 2303 Pri-

219 2352 313 2396 mum
328 2327 479 2413 plerique
492 2335 553 2414 Ego
572 2333 649 2393 illam
667 2333 753 2393 berete
768 2339 861 2407 verr}
883 2324 991 2393 nostra
1010 2336 1108 2396 v'etus
1132 2335 1160 2393 E

220 2447 285 2485 vero
299 2424 375 2484 illam
388 2423 473 2482 hercle
482 2423 541 2484 dcc.
557 2416 634 2500 aiii,
649 2437 688 2487 ut
706 2416 774 2485 Mi
784 2442 853 2508 teg.
868 2441 918 2506 ap.
933 2415 1109 2486 Lindenbr.
1125 2354 1196 2487 Nisi

222 2505 620 2596 Graev.Lipt&Boec1.
637 2512 713 2576 cum
728 2508 780 2576 ed.
796 2515 881 2597 1469
901 2506 1045 2577 Mediol.
1063 2507 1196 2579 Iuntina

221 2607 254 2667 δι
272 2599 412 2668 Mureto
432 2608 493 2689 Ego
507 2605 584 2664 illam
597 2603 685 2686 sarii
709 2628 782 2666 vero.
801 2597 983 2669 Bembinus
1003 2625 1102 2683 vero,
1119 2624 1196 2668 om-

221 2691 319 2760 nibus
342 2695 453 2780 prior,
468 2697 694 2778 nequehercle,
710 2714 818 2780 neque
826 2694 912 2771 facile
925 2691 1021 2762 habet
1035 2717 1048 2779 3
1064 2691 1196 2761 unde&

221 2808 283 2853 nos
302 2785 488 2853 omittimus
511 2806 587 2851 eum
607 2780 772 2852 Dacieria.
795 2779 889 2853 Tum
907 2781 990 2852 illud
1004 2793 1109 2872 quidem
1122 2792 1155 2851 δι
1170 2809 1196 2850 re

220 2878 335 2944 locum
349 2873 660 2963 mutant.'Plerique
674 2883 722 2964 qui
737 2882 842 2964 quidem
860 2895 885 2939 re
893 2878 1007 2962 fratrem
1021 2882 1048 2940 h.
1062 2882 1115 2942 tic.
1130 2872 1198 2943 Sed
1313 2872 1315 2886 '

222 2965 339 3035 Bemb.
351 2965 474 3035 Erasm.
490 2964 605 3037 Faern.
621 2964 782 3039 Westerh.
798 2965 909 3035 Bentl.
928 2976 976 3053 qui
989 2975 1093 3053 quidem
1106 2990 1132 3030 re
1147 2973 1197 3033 ia·

224 3065 298 3123 bearn
310 3062 441 3145 sinerem,
456 3063 489 3125 &
504 3056 659 3127 Datietia
670 3067 719 3146 qui
732 3083 757 3124 te
770 3065 797 3124 st.
812 3061 841 3146 f.
857 3066 962 3146 quidem
976 3106 988 3132 ,
1002 3086 1018 3124 ο
1034 3065 1046 3124 !
1070 3056 1147 3126 Nos
1163 3061 1199 3128 in

223 3149 282 3217 hae
293 3149 525 3234 inconstantia,
541 3157 573 3218 ὃ(
586 3173 663 3218 cum
677 3174 720 3223 ex
734 3150 886 3219 omnibus
900 3169 1042 3218 metrum
1053 3148 1198 3226 laboret.

224 3239 290 3308 aust
309 3239 422 3310 sumus
442 3241 517 3310 huic
542 3240 694 3324 mederi,
718 3241 904 3312 omittendo
927 3244 955 3306 i·
977 3247 1086 3324 hercle,
1108 3240 1199 3328 quod

223 3328 340 3402 Bemb.
356 3333 556 3418 nonhabet,
572 3333 718 3426 legendo
728 3363 775 3425 ego
784 3363 847 3401 vero
860 3358 935 3402 cum
950 3332 1055 3402 nostra
1068 3352 1200 3411 uetere⁸

223 3431 256 3491 δι
276 3424 365 3513 quod
382 3425 493 3495 lotum
515 3445 723 3502 mutaverat,
744 3431 777 3494 in
797 3429 888 3496 omni
903 3424 1044 3493 lediione
1063 3423 1197 3492 auribus

225 3515 378 3586 infestum
395 3527 500 3606 quidem
513 3517 716 3601 retrahendo.
733 3516 786 3586 Sic
795 3521 927 3604 utrique
937 3519 1012 3587 voci
1024 3543 1070 3604 ego
1080 3520 1198 3584 &illam

224 3611 276 3678 vis
293 3608 421 3678 additur
431 3634 443 3695 3
455 3616 488 3675 δι
502 3607 542 3675 src
555 3610 662 3696 passim
678 3609 784 3679 Plaut.
799 3616 832 3677 δι
847 3606 919 3677 Cic.

271 3722 346 3789 pag.
365 3722 405 3788 39
421 3700 476 3766 lin.
493 3720 523 3762 2.
547 3703 652 3783 obsecro
667 3707 752 3765 hercle
773 3725 798 3765 te
819 3709 889 3767 hom.
912 3706 972 3768 dte.
985 3697 1092 3769 Metri
1105 3695 1201 3771 causti

226 3785 376 3857 addimus
397 3812 424 3856 e.
444 3783 554 3856 Bentl.
570 3814 604 3854 re.

273 3879 330 3947 lin.
355 3881 399 3948 18.
417 3883 533 3966 Obsecro
550 3902 585 3947 re.
601 3878 661 3947 Al.
680 3880 768 3951 male
782 3884 942 3952 omittunt
956 3906 992 3948 re.

272 3996 346 4062 pag.
356 3993 392 4056 41
404 3971 460 4038 lin.
476 3995 504 4060 3.
516 3981 544 4039 E
555 4000 582 4037 re
593 3996 670 4039 nara.
686 3973 795 4045 Bentl.
806 3976 918 4064 inepte
929 3973 1003 4043 ledi.
1012 3990 1198 4060 corruptam

226 4061 431 4152 quorundam
447 4061 555 4133 Codd.
571 4070 604 4131 δι
624 4063 696 4132 edd.
716 4065 856 4154 praefert
877 4096 931 4133 ere
946 4090 1036 4133 rarae.
1059 4061 1124 4133 Sed
1145 4090 1197 4154 ap.

226 4154 307 4225 Ter.
329 4152 456 4244 semper
476 4155 522 4226 est
534 4180 620 4246 grata
634 4205 645 4237 ‚
660 4160 711 4225 uti
725 4157 809 4227 infra
822 4185 853 4230 v.
866 4183 921 4244 42.
936 4180 1046 4249 neque
1060 4153 1200 4224 Latinus

227 4247 329 4317 homo
354 4247 441 4315 dicat
461 4277 475 4313 e
494 4256 664 4316 re--metiue

270 4339 318 4408 iin
330 4363 373 4432 .7.
387 4347 503 4432 iugenio.
516 4339 623 4437 Vulg.
634 4365 780 4434 genesen
794 4364 861 4431 quo
875 4338 1136 4496 Bend·pulchre
1147 4341 1197 4415 ini

1026 4455 1043 4497 ²
1056 4454 1076 4519 3.
