2809 5234
601 828 2057 965 nssAuroNrmoRuMEuoS.
2182 902 2327 977 ²97

410 1055 579 1129 Eum
609 1069 1024 1152 precatorem
1066 1047 1234 1123 mihi
1273 1069 1485 1147 paro:
1532 1045 1668 1120 seni
1710 1042 1944 1120 nostro
1979 1040 2135 1118 fidei
2169 1041 2335 1133 nihil

746 1175 985 1273 habeo,

625 1363 1057 1437 AcTtss
1140 1363 1225 1434 V.
1315 1359 1762 1430 scENA
1871 1360 2103 1431 V1.'¹
2219 1327 2223 1331 ’

704 1545 1391 1637 sosTRATA,
1453 1543 2048 1618 CHREMES.

414 1752 485 1820 S.
515 1645 660 1824 P
666 1742 948 1818 RofeEio
974 1795 998 1832 ,
1025 1738 1141 1815 nifi
1169 1762 1367 1815 caves
1386 1792 1411 1830 ,
1436 1761 1516 1813 tu
1560 1739 1774 1813 homo
1796 1791 1820 1831 ,
1849 1735 2100 1838 aliquid
2132 1726 2337 1838 gnato

748 1864 1064 1943 conficies
1108 1862 1312 1938 mali:

412 1991 618 2093 quue
648 1991 824 2069 adeo
864 1991 1075 2064 miror
1098 2041 1122 2079 ,
1152 1985 1509 2088 quomodo

409 2118 580 2191 Tam
632 2106 933 2217 inepium
991 2111 1358 2212 quidquam
1411 2110 1537 2186 tibi
1581 2110 1813 2188 venire
1868 2111 1940 2186 in
1990 2129 2281 2190 mentem
2307 2129 2336 2207 ,“

744 2241 841 2314 mi
884 2237 1033 2329 vir,
1079 2235 1396 2335 potuerit.
1953 2251 1960 2255 ·

413 2368 485 2441 C.
509 2363 765 2466 Pergin'
793 2361 1030 2437 mulier
1060 2376 1092 2410 ²
1137 2346 1327 2436 effe?
1371 2356 1702 2433 nullamne
1723 2380 1852 2457 ego
1875 2378 2017 2433 rem
2042 2379 2335 2456 unquam

748 2486 822 2559 in
870 2485 1009 2560 vita
1058 2508 1210 2560 mea

499 2637 526 2678 ι
551 2614 862 2679 Artificium
880 2630 1075 2697 poetae
1100 2616 1159 2676 in
1189 2614 1303 2700 sqq.
1424 2616 1672 2679 ducimus
1692 2664 1713 2693 ,
1746 2639 1779 2682 e
1813 2639 1922 2702 qua
1955 2621 2136 2682 omnis
2156 2619 2335 2683 Bent-

409 2705 588 2769 scenis
607 2706 677 2767 ad
711 2706 813 2766 tria
846 2704 978 2789 Syri
998 2724 1315 2768 commenta

409 2799 703 2885 dirigendis
718 2797 786 2860 ad
809 2795 898 2864 Sc.
918 2796 1029 2877 IV,
1043 2820 1102 2860 v.
1127 2820 1182 2883 9.
1203 2819 1307 2875 ιο,

415 2915 515 2978 13,
538 2918 610 2972 14
629 2891 1068 2978 significavimus.
1088 2892 1188 2955 Uti
1210 2896 1309 2978 igi-

406 3003 494 3050 tur
515 2990 669 3051 tertia
693 2989 884 3071 opinio
918 2987 1159 3052 deleatur
1174 3034 1193 3065 ,
1215 2988 1311 3049 in·

406 3084 642 3167 greditur
671 3086 781 3144 iam
799 3129 821 3160 ,
852 3086 1110 3147 maritum
1136 3083 1313 3146 domo

406 3195 698 3239 exeuntem
717 3173 1095 3257 persequendo
1107 3218 1131 3248 ,
1146 3196 1311 3248 uxor,

339 3312 348 3320 ν
406 3291 550 3355 quae
589 3269 781 3354 sponte
830 3268 921 3330 sua
947 3312 968 3341 ,
1016 3267 1310 3352 (necdum

409 3365 560 3424 enim
573 3358 896 3424 breviffimo
909 3378 1182 3446 tempore,
1200 3381 1315 3443 quo

407 3457 540 3542 Syr.
575 3459 669 3524 sex
686 3459 875 3524 versus
896 3460 1279 3544 pronuntiavit
1291 3505 1314 3537 ‚

408 3555 545 3616 adiri
564 3558 741 3639 potuit
757 3578 791 3619 a
823 3554 968 3630 filio,
987 3557 1082 3654 qui
1102 3576 1230 3618 eam
1249 3557 1312 3616 in

403 3647 688 3731 posteriori
717 3649 937 3710 aedium
969 3666 1120 3730 parte
1138 3649 1177 3710 s.
1198 3666 1315 3730 gy-

411 3760 618 3801 naeceo
648 3740 981 3820 quaesiturus
1018 3743 1177 3819 erat)
1205 3739 1318 3802 filio

408 3828 490 3890 est
521 3829 722 3889 auxilio
747 3830 806 3886 in
826 3846 1052 3907 paterna
1078 3830 1274 3889 iniuria
1291 3875 1315 3904 ,

409 3919 475 3983 ὃ(
504 3916 579 3980 fic
609 3934 787 4000 partes
815 3918 1004 3978 matris
1035 3918 1316 3980 adiutricis

410 4011 547 4073 obit.
612 4007 885 4070 Viderunt
924 4007 1081 4091 igitur
1118 4027 1317 4071 verum

407 4103 558 4169 Tan.
588 4102 771 4166 Faber
789 4103 853 4165 δι
881 4101 994 4164 filia
1012 4102 1270 4166 Dacieria
1290 4150 1312 4179 ,

407 4207 503 4290 qui
533 4202 831 4268 Sostratam
863 4201 1057 4286 sponte
1089 4201 1180 4265 sua
1213 4205 1315 4265 ad-
1365 4196 1374 4207 ⁸

409 4307 593 4368 venioe
611 4319 869 4366 monent:
899 4300 964 4364 δι
983 4321 1083 4363 nos
1105 4321 1171 4362 ex
1189 4299 1309 4384 ipso

1430 2707 1518 2769 leii
1544 2708 1831 2792 disputatio
1869 2714 2137 2775 contraria
2166 2733 2338 2795 appa-

1430 2820 1578 2874 reat,
1601 2823 1767 2884 quam
1785 2802 1849 2863 fit
1864 2805 2051 2867 inanis.
2103 2804 2337 2889 Egregie

1428 2917 1568 2957 vero
1590 2895 1724 2959 haec
1758 2896 1913 2959 scena
1934 2898 2237 2980 composita
2257 2896 2337 2959 est

1432 2987 1504 3049 ad
1535 2989 1776 3051 indolem
1823 2991 2024 3072 ingenii
2061 2993 2232 3051 uxorii
2269 2991 2336 3054 &

1432 3083 1604 3143 virilis
1621 3127 1642 3154 ,
1665 3080 2108 3166 diffidiorumque
2137 3083 2338 3147 dome·

1433 3173 1692 3237 sticorum
1712 3175 2215 3239 demonstrandam.
2233 3175 2339 3238 So-

1432 3267 1595 3330 strata
1644 3270 2010 3353 indulgentior
2055 3273 2114 3331 in
2162 3269 2336 3333 filium
2464 3288 2469 3293 ·

1441 3362 1758 3425 adversatur
1771 3363 1987 3436 marito,
2002 3366 2094 3445 qui
2106 3363 2341 3444 proinde
2407 3442 2410 3447 ἢ

1433 3461 1490 3520 in
1513 3481 1637 3522 eam
1661 3464 1812 3525 varia
1834 3462 2039 3525 duriter
2063 3462 2223 3539 dicit,
2242 3458 2340 3523 sed

1431 3557 1644 3619 ratione
1672 3555 1765 3619 sua
1797 3560 2003 3622 nititur.
2032 3555 2339 3621 Commota

1429 3665 1572 3712 vero
1595 3648 1781 3732 incipit
1805 3651 1915 3724 illa,
1936 3650 2196 3713 vocando
2217 3671 2337 3713 ma·

1439 3744 1604 3809 ritum
1633 3760 1693 3806 tu
1723 3745 1916 3825 hamo(
1940 3744 2011 3810 cf.
2034 3745 2146 3808 Ad.
2173 3745 2237 3818 1,
2265 3768 2339 3818 2,

1443 3851 1509 3914 31
1531 3832 1721 3916 )quas1
1739 3855 1855 3898 non
1873 3836 2004 3898 ess'et
2024 3835 2162 3898 suus.
2187 3838 2333 3901 Mox

1435 3937 1618 3985 tamen
1653 3926 1883 3989 iniuriae
1906 3929 2150 3989 muliebri
2165 3924 2332 3990 'addit

1436 4017 1767 4076 reverentius
1793 4015 1834 4083 s.
1863 4007 2111 4080 blandius
2126 4020 2198 4078 mi
2214 4021 2333 4092 vir,

1432 4104 1504 4171 εί
1528 4103 1671 4167 Hee.
1695 4106 1820 4186 lv,
1850 4130 1874 4171 ι
1898 4156 1920 4183 ,
1941 4133 1999 4194 9.

1496 4223 1535 4265 2
1560 4201 1850 4286 Indignam
1868 4206 1979 4269 Ch.
2001 4203 2201 4265 homini
2221 4204 2337 4267 red-

1427 4300 1506 4362 dit
1524 4297 1802 4375 mutierem,
1819 4320 1885 4359 ac
1907 4301 2026 4360 viro
2054 4319 2191 4360 mox
2215 4300 2328 4360 So-

401 4413 565 4484 poeta
588 4396 872 4462 indubiam
899 4397 1170 4463 ratiooem
1206 4394 1309 4461 ad-
1415 4396 1637 4479 struam
1653 4415 1680 4470 ,·
1707 4389 1784 4462 cf.
1822 4392 1965 4459 Hec.
1994 4393 2031 4459 l.
2061 4415 2195 4461 ea.
2240 4413 2342 4464 roa·

2340 4582 2592 4802 r
