2809 5234
172 521 175 531 .
389 512 406 537 e,
528 189 596 527 ΙΙΙΙ
611 189 1308 541 -

391 542 395 553 Ι

692 650 706 673 Ι

221 719 228 730 0

482 817 862 906 PHORMIO.
940 811 1036 826 “”
1112 772 1216 908 223x

215 988 287 1061 hm
300 982 352 1060 illi
368 985 488 1058 datum
504 981 552 1054 est
572 980 782 1080 argentum?
798 981 849 1050 D.
875 973 995 1051 curavi
1008 972 1116 1050 illico.
1141 978 1181 1049 C.

406 1106 537 1181 nollem
563 1105 681 1177 datum
702 1122 726 1176 ¹.

215 1232 303 1308 Hei!
330 1232 437 1306 video
456 1251 602 1301 uxorem
621 1250 629 1296 :
650 1249 758 1322 paene
772 1223 871 1321 plus,
886 1247 990 1322 qnam
1004 1219 1053 1296 sat
1067 1238 1139 1296 erat
1156 1239 1183 1296 ².

405 1357 457 1426 D.
479 1376 541 1424 cur
563 1348 699 1438 nolles,
733 1347 909 1428 Chreme?
950 1439 953 1446 ι
1156 1328 1159 1333 ’

221 1477 502 1552 elimenes.
526 1478 577 1548 D.
601 1473 685 1571 quid
710 1474 778 1544 tu?
802 1469 1085 1568 ecquidiocutus
1102 1492 1181 1541 cum

404 1595 465 1669 ista
489 1622 548 1687 ες,
566 1595 793 1694 quamobrem
815 1595 902 1667 hanc
921 1592 1078 1666 ducimus
1094 1590 1140 1661 ⁴?
1205 1605 1211 1608 ’

217 1724 255 1795 C.
275 1718 449 1818 Transegi.
468 1723 517 1791 D.
536 1717 622 1816 quid
643 1717 691 1789 ait
711 1717 879 1789 tandem?
902 1719 939 1788 C.
963 1712 1089 1787 abduci
1108 1736 1182 1785 non

415 1839 530 1939 potest
548 1820 577 1914 κ’
595 1844 651 1912 D.
678 1840 740 1938 qui
759 1865 830 1913 non
849 1838 963 1936 potest
980 1839 1022 1910 ⁴?
1161 1856 1178 1934 5

219 1969 257 2039 C.
273 1963 369 2059 Quia
382 1982 530 2063 uterque
550 1963 690 2061 utrique
701 1961 751 2035 est
763 1965 861 2036 cordi
878 1979 904 2037 ⁷.
922 1969 974 2037 D.
993 1963 1078 2062 quid
1093 1959 1181 2040 istuc

400 2085 548 2160 nostra?
567 2089 607 2158 C.
625 2086 754 2182 magni.
771 2102 909 2181 praeter
933 2085 1042 2177 hnec,

212 2211 406 2308 Cognatam
425 2208 607 2306 ‘comperi
621 2207 688 2282 effe
703 2207 817 2282 nobis.
836 2211 888 2284 D.
903 2207 1009 2306 quid!
1025 2205 1174 2280 deliras?

409 2334 448 2404 C.
469 2331 514 2404 fic
545 2332 638 2403 erit:

212 2453 297 2527 Non
321 2469 453 2526 temere
482 2450 563 2523 dico
580 2472 590 2519 t
609 2449 684 2522 redi
706 2473 844 2523 mecum
867 2448 904 2524 in
929 2446 1133 2557 memoriam
1148 2470 1177 2526 r.

407 2576 460 2649 D.
485 2569 558 2645 sati’
584 2597 628 2644 ne
648 2570 748 2672 sanun
766 2573 829 2646 esi

266 2877 278 2915 1
314 2853 443 2915 Primum
471 2852 608 2938 fignurn,
636 2872 653 2914 e
778 2852 884 2928 4Scii.
897 2874 1015 2914 uxorem
1030 2871 1115 2915 tuam.

209 2981 270 3046 qno
281 2961 435 3021 coniicerm
448 2961 535 3021 Dem.
545 2982 654 3032 verum,
781 2960 953 3034 {Tertium
973 2958 1091 3042 signum.

210 3065 263 3125 nisi
275 3067 301 3126 ir
315 3068 478 3126 coecutiret.
778 3076 795 3127 6
816 3068 876 3128 inm
891 3068 1006 3126 Demea*
1019 3062 1176 3128 irascieoe·

250 3171 340 3230 nint.
353 3171 422 3244 dixi,
436 3170 495 3231 scil.
504 3171 538 3231 de
548 3193 653 3255 argen-
735 3173 801 3254 pir5
830 3171 1016 3233 binominus
1044 3172 1176 3230 odorabi-

210 3296 241 3337 ro
263 3277 328 3337 dato
355 3275 543 3351 Phormioni,
575 3280 649 3342 unde
733 3297 795 3350 tur,
814 3300 885 3364 quae
903 3276 1073 3360 peeneplus
1088 3296 1174 3360 quam

207 3380 298 3442 multa
317 3383 433 3455 odorari
452 3385 549 3465 potuit
571 3384 650 3446 Nau·
736 3383 857 3468 sapienti
884 3384 922 3446 sat
947 3384 1064 3454 forem,
1084 3383 1175 3444 Chre·
1217 3363 1221 3376 .

205 3488 319 3551 fistrata.
338 3490 395 3551 Sed
416 3514 449 3553 ea
472 3491 514 3553 nil
528 3493 595 3572 dum
606 3491 651 3554 sn·
733 3514 794 3553 mes
814 3493 907 3552 dicere
930 3493 1051 3576 cogitur.

202 3593 337 3674 spicam,
360 3600 460 3677 poster
489 3600 593 3660 certius
620 3596 649 3658 se
773 3597 1082 3679 7Quartumfignum.

207 3698 354 3778 deceptam
368 3697 479 3760 sentiet.
775 3708 790 3761 8
809 3703 953 3784 Quintum
965 3703 1172 3786 fignurn,ade0

249 3823 262 3879 3
281 3800 392 3862 Verum
408 3801 445 3858 ob
458 3804 554 3861 uxoris
567 3822 650 3882 prae·
732 3804 856 3878 clarum,
873 3826 903 3867 ut
921 3809 952 3865 ni
963 3826 1064 3870 coecus
1078 3801 1171 3868 fuisset

205 3902 325 3965 sentiam
336 3903 435 3988 eloqui
449 3926 509 3964 non
528 3907 645 3980 audens,
727 3910 880 3992 Demipho
891 3956 903 3984 ,
914 3913 981 3972 inde
998 3915 1171 3984 coniiceret,

201 4009 262 4072 fere
287 4010 331 4071 nil
360 4009 539 4093 respondet3
572 4011 649 4097 qnafi
731 4013 871 4076 Phanium
892 4020 1037 4080 inventam
1064 4011 1118 4076 effe
1137 4016 1170 4075 fi-

200 4118 374 4178 eoncedem.
388 4117 422 4177 In
436 4116 488 4178 hac
502 4117 564 4200 ipsa
576 4139 645 4179 vero
726 4117 795 4180 liam
815 4119 919 4182 fratris.

204 4224 355 4288 reticentia
385 4223 508 4328 nlterum
537 4225 646 4313 fignum
769 4248 787 4295 9
812 4225 842 4286 h.
867 4247 891 4285 e.
923 4228 1109 4298 memineris,
1138 4244 1170 4289 nr

206 4329 254 4392 est.
678 4375 680 4378 ι
727 4354 793 4419 ego.
813 4333 861 4394 Sic
882 4333 917 4395 ad
935 4332 1107 4396 memoriam
1126 4354 1170 4396 re·
