2809 5234
1132 929 1887 1004 PHORMIO.
2347 928 2477 1030 155'

548 1088 680 1164 sed
730 1088 883 1187 quis
932 1087 1047 1160 hie
1103 1089 1199 1161 est
1269 1089 1474 1162 senex
1503 1146 1525 1179 ‚
1581 1116 1791 1188 quem
1846 1089 2058 1165 video
2114 1091 2187 1166 in
2236 1094 2484 1177 ultima

492 1189 503 1201 ’
936 1210 1163 1305 platea
1194 1212 1227 1278 ‘?
1258 1213 1348 1283 A.
1395 1209 1575 1314 ipsus
1615 1210 1734 1284 est.
2000 1202 2009 1210 ¹

542 1334 707 1404 Non
734 1328 1003 1427 poffum
1043 1327 1264 1413 adesse
1309 1348 1354 1402 ¹.
1384 1332 1471 1401 G.
1515 1331 1602 1400 ah
1641 1332 1698 1400 ²!
1723 1329 1892 1428 quid
1917 1331 2106 1430 agis?
2137 1357 2281 1430 quo
2312 1333 2483 1423 abis,

938 1456 1306 1552 Antipho?
1352 1480 1598 1546 mane,
1960 1530 1967 1538 ,

542 1582 795 1670 Mane,
832 1579 1141 1677 inquam.
1173 1584 1283 1678 A.
1351 1597 1635 1677 egomet
1684 1605 1795 1652 me
1856 1581 2031 1656 novi
2070 1600 2090 1644 ὃ
2126 1635 2151 1672 ,
2197 1600 2268 1654 et
2317 1605 2481 1678 pec-

932 1719 1161 1772 catum
1197 1726 1432 1772 meum
1466 1719 1496 1762 4
1529 1728 1547 1773 2

2383 1731 2482 1798 40

555 1815 780 1899 Vobis
833 1825 1257 1898 commendo
1312 1824 1645 1897 Phanium
1683 1843 1706 1886 5
1739 1879 1763 1915 ,
1794 1840 1865 1897 et
1903 1826 2121 1899 vitam
2159 1850 2408 1898 meam.

544 1949 629 2019 P.
668 1952 888 2037 Geta,
927 1949 1093 2045 quid
1121 1971 1306 2022 nunc
1339 1945 1459 2017 fiet
1496 1957 1523 1994 ⁶
1544 1947 1571 2017 ?
1628 1951 1715 2018 G.
1745 1965 1821 2019 tu
1860 1947 1991 2019 iam
2021 1948 2173 2022 lites
2205 1951 2478 2037 audies;

536 2076 685 2169 Ego
716 2075 973 2168 ple&ar
996 2075 1301 2170 pendens
1330 2127 1351 2162 ‚
1396 2071 1514 2143 nisi
1548 2074 1714 2171 quid
1760 2099 1869 2145 me
1905 2073 2249 2149 fefellerit.

537 2195 671 2265 Sed
716 2196 911 2292 quod
957 2194 1175 2267 modo
1216 2193 1327 2264 hic
1370 2218 1499 2265 nos
1539 2193 2013 2288 Antiphonem
2047 2198 2474 2286 monuimuS,

530 2316 607 2385 ld
645 2315 918 2390 nosmet
971 2315 1158 2414 ipsos
1190 2337 1220 2379 ⁷
1252 2318 1477 2393 facere
1529 2338 1856 2439 oportet,
1907 2322 2258 2396 Phaedria.
2376 2349 2468 2422 45

475 2603 478 2607 ’
534 2616 623 2698 pit
663 2662 679 2688 ‚
726 2615 931 2698 quibus
998 2617 1310 2676 rationibus
1353 2620 1425 2680 ad

439 2763 445 2769 -
535 2720 951 2782 defendendam
971 2725 1203 2782 noxiam
1222 2744 1430 2786 utatur.

528 2825 768 2886 Easdem
785 2830 1227 2909 praemeditatur
1251 2830 1421 2890 senex

526 2935 601 2996 sc.
631 2936 713 3021 sq.
750 2959 801 2998 v.
831 2949 861 2996 6
894 2949 947 3000 ὃ(
973 2962 1028 3010 7.
1057 2940 1167 2999 Int.
1198 2962 1333 2998 vero
1353 2939 1411 3003 h.

529 3040 571 3118 l,
600 3049 902 3123 respondeas
942 3071 997 3107 ν.
1036 3070 1083 3108 c.
1120 3066 1160 3108 t.
1188 3071 1231 3106 e.
1279 3046 1336 3106 h.
1367 3067 1418 3106 e.

527 3147 774 3206 invitum
800 3148 1023 3226 fecisse3
1051 3154 1159 3233 lege
1177 3199 1194 3226 ,
1222 3175 1289 3212 ex
1312 3176 1425 3235 qua

527 3256 827 3331 proximus
889 3278 1098 3338 genere
1169 3279 1426 3324 teneatur

528 3360 730 3422 ducere
787 3365 1020 3443 orbam3
1068 3369 1297 3446 iudicio,
1350 3376 1414 3435 in

453 3488 458 3495 ·
526 3485 643 3548 quo
674 3467 833 3531 causa
874 3474 1117 3534 maxime
1162 3479 1413 3549 verteba-

524 3587 613 3631 tur
639 3617 658 3646 ‚
690 3595 762 3633 mi
798 3573 871 3637 sc.
908 3578 1179 3661 Antipho
1206 3588 1412 3663 proxi-

528 3701 655 3739 mus
690 3682 812 3743 ille.
850 3686 994 3745 Mox
1028 3708 1168 3748 tenes
1198 3696 1410 3776 exqui-

529 3781 624 3839 fite
671 3785 834 3842 addit·
874 3787 1061 3859 Geta,
1107 3812 1167 3849 ut
1218 3817 1408 3875 appa-

533 3909 674 3961 reat,
695 3889 1100 3972 Antiphonem
1134 3898 1292 3959 vultu
1334 3925 1409 3960 o-

524 3997 799 4069 stendere,
819 3999 871 4058 se
889 4003 1281 4081 perturbatum
1300 4007 1415 4069 hoe

525 4128 649 4169 non
677 4129 862 4189 agere.

615 4231 638 4268 1
678 4265 681 4269 ,
722 4210 884 4271 Patre
950 4211 1070 4272 viso
1117 4217 1404 4300 ingenuus

521 4316 860 4388 adolescens,
898 4341 1050 4382 metu
1087 4322 1253 4409 fugit.

609 4445 640 4485 2
669 4425 766 4488 Ah
790 4423 1039 4490 dolentis
1076 4430 1156 4492 est
1184 4451 1203 4506 3
1233 4448 1416 4498 cetem

1590 2625 1908 2698 revocantis
1935 2578 2103 2688 veriza
2140 2626 2284 2689 sunt.

1687 2753 1712 2809 3
1746 2731 2067 2794 Timidum.

1674 2863 1711 2909 4
1765 2838 1945 2917 Quod
2007 2838 2061 2898 se
2133 2843 2194 2901 in
2254 2844 2468 2902 iudicio

1580 2945 1735 3033 ¹vinei
1757 2939 1943 3026 passus
1970 2965 2085 3005 erat
2103 2991 2121 3019 ,
2151 2948 2219 3005 ad
2242 2949 2471 3028 nuptias

1590 3047 1899 3109 faciendas.

1675 3178 1700 3232 5
1728 3157 1991 3216 Amatori
2009 3160 2131 3216 viro
2145 3179 2288 3217 uxor
2304 3160 2470 3240 prior

1589 3267 1669 3326 est
1696 3312 1714 3340 ,
1746 3286 1916 3350 quam
1938 3267 2053 3325 vita
2071 3264 2183 3325 sua.

1665 3388 1696 3436 6
1754 3376 2030 3439 Phaedria
2086 3377 2308 3437 consilii
2363 3400 2465 3437 ex-

1579 3504 1748 3564 pem,
1816 3483 1910 3544 sed
1960 3505 2267 3567 promptus
2313 3483 2467 3546 Geta

1574 3586 1662 3647 illi
1696 3587 1900 3649 canidc
1957 3595 2215 3652 animum
2259 3594 2413 3652 addit
2442 3638 2462 3666 ‚

1577 3718 1638 3757 ut
1686 3700 1852 3778 prior
1885 3702 2100 3762 causam
2153 3702 2457 3785 suscipiat:

1492 3849 1514 3867 κ
1574 3801 1714 3860 Tibi
1766 3805 1934 3865 verba
1991 3827 2208 3869 tantum
2265 3831 2460 3890 parata

1575 3929 1739 3968 erunt
1779 3957 1797 3983 ,
1860 3914 2003 3974 mihi
2065 3919 2334 3991 verbera3
2383 3920 2456 3978 cf·

1578 4015 1788 4076 Heaut.
1817 4019 1907 4093 II,
1935 4046 1996 4095 2,
2043 4045 2063 4082 1
2085 4044 2172 4096 15.

1660 4147 1692 4192 7
1736 4127 1809 4187 Se
1837 4129 2052 4190 socium
2097 4151 2284 4189 tamen
2319 4129 2479 4208 pol--

1570 4221 1817 4301 licetur3
1874 4229 2012 4288 hine
2072 4226 2451 4293 confidentior

1573 4332 1680 4393 erit
1704 4331 1999 4395 Phaedria.
