2809 5234
254 493 304 568 66
504 482 978 560 RTERENTM

254 661 292 730 S.
317 648 474 750 Quibus?
495 653 532 722 C.
547 649 589 722 ah
604 647 753 748 rogitas?
769 645 941 746 perpulisti
953 671 1009 722 me
1022 701 1035 741 ,
1046 667 1085 722 ut
1097 644 1231 723 bomini

425 772 672 850 adolescentulo
686 824 698 862 ‚

252 908 290 980 ln
303 902 371 976 alio
385 921 553 999 occupato
568 922 697 988 amore,
711 897 906 974 abhorrenti
921 899 962 973 ab
975 925 1011 975 te
1024 899 1163 992 uxoria,
1183 921 1228 974 to

251 1031 364 1106 Filiam
389 1029 503 1100 darem
518 1024 557 1099 in
576 1023 792 1114 seditionem,
807 1048 905 1125 atque
917 1025 1057 1101 incertas
1070 1025 1227 1123 nuptias3

201 1189 206 1195 ·
250 1159 330 1230 Eius
353 1155 469 1226 labore
491 1168 590 1249 atque
617 1148 689 1223 eius
712 1150 832 1223 dolore
858 1169 961 1250 gnato
984 1170 1021 1226 ut
1043 1152 1229 1226 medicarer

422 1296 496 1351 suo.

249 1403 434 1505 impetrasti
448 1430 456 1475 :
472 1399 604 1500 incepi,
617 1399 699 1474 dum
717 1423 768 1474 res
782 1399 890 1473 tetulit
908 1413 933 1474 ¹.
944 1427 1034 1478 nunc
1054 1428 1125 1477 non
1144 1405 1227 1480 ferte

421 1528 516 1603 seras.

247 1656 341 1730 Illam
367 1653 444 1726 hinc
470 1653 581 1727 civem
604 1647 669 1726 esse
694 1647 814 1724 aiunt:
840 1676 924 1750 puer
946 1649 994 1726 est
1014 1633 1134 1730 natiue
1160 1683 1225 1735 nos
1273 1748 1275 1754 ¹

422 1777 535 1852 missos
554 1775 638 1853 sace.

247 1911 284 1981 S.
300 1908 362 1978 Per
376 1926 441 2002 ego
456 1919 488 1974 te
504 1902 586 1975 deos
600 1925 681 1994 oro,
697 1923 790 1978 utne
804 1902 868 1979 iuis
886 1915 901 1951 ²
921 1901 1071 1977 animum
1087 1901 1226 1982 inducas

418 2025 582 2118 credere,
1179 2056 1221 2129 15

103 2220 107 2227 .
246 2153 380 2250 Quibus
404 2150 439 2225 id
457 2174 614 2225 maxume
635 2150 718 2227 utile
741 2149 813 2246 est,
830 2151 925 2230 illum
947 2151 1013 2231 esse
1030 2177 1131 2255 quam
1159 2156 1229 2232 de·-

419 2277 606 2353 tertimum.
1150 2264 1153 2270 ¹

246 2401 451 2502 Nuptiarum
461 2403 566 2503 gratia
578 2404 660 2479 haec
668 2402 742 2481 sunt
752 2403 829 2481 flua
837 2422 938 2508 atque
950 2404 1083 2504 incepta
1095 2402 1225 2483 omnia.

248 2529 317 2606 Ubi
330 2554 368 2603 ea
390 2529 484 2603 causa
497 2583 508 2621 ‚
522 2531 743 2629 quamobrem
754 2531 837 2608 baec
850 2532 996 2624 saciant,
1009 2527 1072 2604 erit
1085 2532 1217 2606 ademta

416 2654 485 2745 bis,
502 2653 660 2728 desinent.

248 2782 285 2856 C.
298 2782 404 2856 Erras.
418 2805 495 2854 cum
506 2780 613 2855 Davo
626 2794 762 2878 egomet
772 2776 845 2857 vidi
858 2777 1044 2880 iurgantem
1055 2777 1221 2855 ancillam.

417 2911 455 2977 S.
481 2903 622 2978 scio-e.
646 2922 681 2980 at

243 3035 338 3105 Vero
373 3028 494 3117 voltu3
527 3053 627 3115 cum,
650 3026 698 3103 ibi
728 3052 784 3103 me
818 3027 948 3118 adesse,
982 3051 1101 3105 neuter
1135 3030 1217 3104 dum

418 3153 650 3250 praesenserat.
1173 3179 1221 3231 ιο

245 3282 284 3349 S.
311 3276 450 3365 Credo;
471 3297 506 3351 et
528 3278 563 3352 id
577 3277 739 3373 sedenos,
760 3278 880 3356 Davus
899 3277 1029 3354 dudum
1053 3272 1220 3374 praedixit

416 3402 518 3476 mihi:

243 3532 285 3603 Et
294 3526 408 3605 nescio
420 3526 503 3629 quid
514 3525 576 3603 tibi
588 3526 660 3603 sum
675 3523 801 3606 oblitus
812 3526 917 3608 hodie
930 3555 970 3609 ac
983 3526 1080 3609 volui
1093 3526 1218 3605 dicere.

287 3775 460 3839 tTuamibi
475 3773 508 3838 &
522 3795 586 3838 mea
594 3773 643 3836 tibi
654 3795 699 3837 re·
756 3727 761 3737 Ι
799 3773 1215 3852 2int.mereoicibus,servis.

240 3880 311 3945 tulit.
319 3904 386 3944 mox
397 3886 453 3964 sert
463 3883 562 3965 :seran
573 3881 659 3946 Lusus
666 3879 699 3944 sit
756 3880 872 3947 ancillis.

241 3987 362 4049 savaria
376 3986 580 4073 significatione.

142 4138 288 4492 Ν
