2809 5234
508 1013 511 1017 ,
577 920 2032 1039 ΗΕΑυΤοΝΤιΜοκυΜι-Νὸε.

2161 926 2293 1036 23⁸3
2554 1008 2575 1045 .

384 1109 483 1181 Ut
518 1108 853 1205 nunquam
883 1106 1009 1180 ulla
1035 1106 1246 1180 amori
1287 1104 1516 1181 'vestro
1551 1104 1845 1180 incidere
1883 1103 2079 1202 poffit
2127 1102 2306 1175 cala-

2220 1253 2242 1297 1

385 1294 479 1427 A.
512 1354 759 1427 Nescio
794 1355 1004 1427 alias¹
1040 1380 1060 1426 :
1109 1378 1216 1428 me
1273 1354 1544 1453 quidem
1590 1353 1849 1451 semper
1896 1353 2035 1427 scio
2079 1249 2304 1428 fecistis}

724 1252 935 1304 miras

719 1476 945 1550 sedulo
974 1531 1001 1565 ‚

377 1602 479 1673 Ut
525 1627 608 1672 ex
655 1599 827 1674 illius
875 1598 1244 1674 commodo
1301 1623 1527 1672 meum
1589 1623 2050 1697 compararem
2102 1580 2300 1670 com·

715 1725 1020 1796 modum.
1071 1727 1142 1795 C.
1195 1722 1278 1795 ah
1311 1735 1361 1795 2.
2214 1716 2220 1721 ’

374 1849 554 1945 Ergo
579 1896 603 1934 ,
642 1873 789 1921 mea
829 1847 1165 1944 Antiphila
1194 1900 1217 1936 ,
1245 1864 1320 1919 tu
1353 1868 1529 1919 nunc
1562 1845 1696 1920 sola
1733 1848 2044 1922 reducem
2085 1870 2193 1958 me
2223 1842 2297 1918 in

711 1973 988 2070 patriam
1033 1971 1191 2044 facis
1225 1985 1275 2043 3.
1312 1978 1332 1993 '

372 2096 593 2186 Nam,
642 2097 795 2170 dum
845 2098 963 2181 abs
1011 2115 1078 2169 te
1146 2094 1415 2184 absum,
1478 2091 1739 2165 omneis
1801 2089 1966 2163 mihi
2031 2091 2294 2198 labores

707 2219 940 2309 fuere,
985 2243 1158 2319 quos
1207 2215 1405 2315 cepi,
1450 2217 1631 2289 leves
1656 2270 1679 2306 ,
2298 2206 2303 2210 ’

367 2358 824 2454 Praeterquam
876 2356 973 2429 tui
1027 2354 1379 2430 carendum
1437 2353 1620 2449 quod
1661 2368 1824 2426 erat.
1881 2357 1954 2425 S.
2005 2350 2209 2425 credo
2242 2365 2296 2424 ⁴.

715 2483 789 2553 C.
836 2481 1046 2579 Syre,
1093 2481 1215 2555 vix
1259 2475 1500 2550 suffero
1537 2468 1621 2550 5.'

364 2742 581 2786 morum
645 2719 935 2782 similitudo
985 2719 1268 2802 ‘virtusque

364 2818 661 2899 coniungit.
701 2817 838 2878 Sunt
870 2837 1013 2878 veto
1042 2816 1260 2879 benefi-

354 2913 441 2971 cia
471 2911 542 2971 ab
574 2911 759 2971 alienis
776 2912 994 2992 ,qui
933 2910 1132 2974 cessare
1159 2934 1260 2994 po-

355 3019 603 3080 tuerunt,
640 3027 742 3066 nec
775 3005 1005 3081 volunt,
1035 3006 1112 3066 uti
1135 3004 1263 3066 offi—

355 3100 439 3158 cia
474 3100 776 3160 tribuuntur
806 3123 841 3159 a
874 3099 1193 3161 necessariis.

443 3210 466 3248 1
511 3190 826 3271 Applaudat
857 3191 998 3264 tibi,
1041 3195 1259 3272 optima

350 3286 561 3366 virgo,
592 3302 685 3344 aut
714 3302 908 3377 poetae
938 3287 1254 3364 verissimo,

352 3399 522 3440 omne
565 3380 873 3444 theatrum!
924 3383 1255 3444 Admirabili

345 3475 653 3548 brevitate,
691 3497 804 3538 uno
850 3477 997 3559 quasi
1049 3479 1250 3553 ductu,

343 3567 544 3631 lineam
595 3571 806 3631 virtutis
823 3615 842 3644 ,
873 3571 1244 3634 innocentiam

344 3666 615 3746 expreffit.
654 3667 813 3728 Vitia
837 3667 1061 3730 aliarum
1093 3668 1241 3730 haud

251 3752 262 3765 ‘
346 3753 535 3826 noss'e,
568 3757 679 3813 iam
707 3758 879 3815 virtus
913 3758 1005 3819 est.
1048 3760 1157 3818 bed
1181 3761 1246 3820 &

347 3843 462 3923 ipsa
494 3846 735 3925 peragit,
766 3866 905 3925 quae
936 3846 1039 3907 sint
1082 3849 1247 3910 femi-

229 3994 236 4001 .
347 3961 453 4000 nae
503 3937 815 4022 proposita,
847 3941 1101 4003 inservire
1130 3964 1245 4004 non

333 4030 484 4106 sibi,
515 4032 606 4094 sed
640 4033 792 4092 bono
830 4033 972 4095 viro.

429 4150 464 4189 2
500 4127 739 4189 Audivit
777 4148 920 4189 certe
947 4150 1087 4211 quae
1110 4128 1243 4192 Ant.

341 4224 617 4307 respondit
650 4224 927 4286 Bacchidi.
962 4227 1057 4287 An
1088 4228 1245 4309 quid-

339 4342 507 4405 quam
548 4320 902 4383 blandius&
949 4325 1132 4388 verius
1166 4325 1239 4389 ab

259 4476 274 4487 ,
340 4417 454 4506 ipsa
478 4415 775 4486 defiderare
810 4421 1029 4506 potuit-²

2190 2497 2282 2549 20

1475 2740 1502 2802 3
1547 2720 1741 2802 Quam
1767 2724 1917 2796 iure,
1946 2721 2009 2785 &
2043 2745 2171 2785 cum
2195 2722 2282 2784 af·-

1376 2819 1520 2881 suffitu
1543 2842 1713 2902 aeque
1733 2838 1922 2881 tenero
1943 2842 2006 2878 ac
2030 2841 2167 2881 vero
2185 2842 2278 2881 ex-

1375 2915 1633 2974 clamans
1646 2913 1773 2976 fibi!
1814 2913 1937 2975 Nec
1972 2915 2104 2976 dum
2126 2917 2277 2976 enirn

1371 3006 1463 3066 illa
1498 3005 1674 3087 iplum
1710 3005 1943 3065 viderat.

1455 3123 1496 3176 4
1517 3100 1807 3161 Credimus
1827 3118 2012 3160 tecum
2043 3080 2273 3171 omnes»,

1371 3190 1532 3274 Syre.

1462 3309 1487 3373 5
1533 3286 1679 3350 Tan.
1700 3288 1879 3351 Faber
1914 3285 2038 3369 post
2075 3284 2273 3369 Calph.

1367 3385 1543 3460 haec,
1575 3405 1715 3466 quae
1752 3382 1900 3447 Clin.
1921 3384 2128 3465 pergit,
2152 3380 2273 3444 Cli-

1366 3481 1578 3562 tiphoni
1614 3500 1743 3540 cum
1774 3476 2068 3552 tribuisset,
2104 3476 2268 3537 secuti

1359 3592 1488 3632 eum
1505 3569 1648 3632 male
1662 3568 1768 3630 filia
1790 3569 2054 3632 Dacieria
2067 3569 2129 3630 ὃ(
2150 3568 2263 3630 Ha-

1359 3670 1466 3729 rius
1494 3713 1516 3740 ,
1551 3668 1803 3727 aberrant
1839 3687 1874 3726 a
1895 3685 2052 3730 vero.
2089 3662 2259 3748 Eugr.

1357 3781 1500 3823 vero
1534 3760 1605 3821 ad
1632 3759 1870 3823 Cliniam
1908 3760 2088 3823 refert.
2124 3761 2258 3826 Clit.

1361 3868 1509 3912 certe
1544 3853 1863 3915 amandatus
1896 3878 1930 3916 a
1953 3854 2105 3938 Syro
2135 3857 2262 3921 alibi

1360 3946 1762 4013 deambulabat.
1779 3949 1976 4034 Neque
1985 3951 2129 4013 dista
2142 3952 2263 4016 sunt

1363 4039 1437 4098 ad
1469 4040 1742 4102 licentiam
1772 4043 2056 4117 salutandi3
2082 4065 2262 4125 neque

1360 4130 1489 4193 Clit.
1520 4131 1618 4191 nisi
1645 4132 1824 4198 forma
1849 4137 2134 4197 Bacchidis
2156 4139 2261 4198 im-

1360 4227 1541 4311 pulsus
1567 4251 1692 4290 eam
1729 4232 1961 4293 colebat.
1999 4231 2107 4292 Sed
2140 4232 2260 4296 Cli-

1357 4328 1481 4389 niae
1523 4326 1672 4388 dolet
1687 4371 1709 4398 ,
1753 4346 1963 4408 patrem
2003 4328 2217 4392 obstare
2235 4380 2257 4410 ,

1366 4441 1482 4507 quo
1524 4424 1702 4485 minus
1756 4419 1854 4485 suo
1909 4423 2085 4502 modo
2125 4426 2182 4491 h.
2216 4445 2280 4493 e.

2036 4648 2552 4812 r
