2809 5234
789 955 1653 1031 Evuvcnus
2078 940 2307 1053 ιη·

279 1118 408 1191 Pa.
425 1119 666 1204 Ehem,
691 1117 850 1215 quid
872 1114 1091 1190 dixisti
1119 1114 1450 1215 p'ess‘uma?
1477 1144 1560 1190 an
1581 1117 1849 1193 mentita
1874 1125 1989 1193 es?
2013 1121 2214 1193 etiam

620 1241 851 1315 rides?
928 1225 934 1231 ¹

282 1367 446 1440 Itan’
471 1364 778 1462 -lepidum
825 1365 948 1438 tibi
988 1362 1201 1435 visum
1243 1361 1337 1436 est
1361 1418 1384 1454 ,
1430 1365 1680 1463 scelus„
1717 1388 1841 1437 nos
1892 1362 2222 1439 irridere?

626 1492 759 1583 Py.
807 1488 1111 1561 nimium.

294 1616 418 1685 Pa.
448 1611 781 1710 Siquidem
826 1611 991 1687 istuc
1023 1611 1298 1707 impune
1321 1610 1630 1691 habueris
1671 1627 1716 1684 ¹.
1746 1618 1872 1709 Py.
1898 1636 2135 1686 verum
2172 1625 2229 1683 2.‘

638 1733 765 1809 Pa.
813 1735 1084 1811 reddam
1126 1732 1369 1810 hercle.
1421 1731 1554 1830 Py.
1606 1737 1856 1810 credo:

292 1862 422 1937 Sed
447 1860 517 1935 in
544 1861 718 1937 diem
754 1877 780 1928 3
826 1859 1029 1951 istuc,
1077 1862 1448 1951 Parmeno,
1485 1860 1579 1934 est
1623 1861 1931 1951 fortasse,
1969 1860 2160 1960 quod
2195 1874 2227 1922 4

634 2011 878 2060 minare
911 2012 931 2058 ε

206 2155 211 2181 ,ι
295 2113 406 2186 Tu
441 2110 573 2185 iam
623 2091 974 2209 pendebis‚
999 2110 1117 2208 qui
1156 2123 1176 2173 5
1214 2087 2067 2188 stultum'adolescentulum
2094 2134 2227 2185 noa

634 2235 848 2308 bilitas
880 2235 913 2282 ⁶
1902 2239 1910 2249 '
2135 2261 2228 2309 20

296 2358 576 2459 flagitiis
602 2412 624 2446 ,
669 2378 734 2433 et
779 2359 1066 2432 eundem
1101 2373 1132 2417 ⁷
1172 2357 1341 2455 patri
1389 2356 1662 2429 indicas.
1723 2373 2001 2456 uterque
2050 2359 2121 2430 in
2165 2378 2234 2432 te

639 2484 943 2576 exempla
975 2481 1004 2530 ⁸
1048 2483 1268 2556 edent.

393 2686 418 2728 1
466 2665 668 2746 Supple
698 2686 768 2724 ex
798 2661 941 2724 Eun.
980 2662 1065 2728 lv
1088 2688 1201 2744 ,7,
1324 2664 1637 2728 Chaeream
1662 2715 1681 2744 ‚
1731 2660 1942 2730 nonnisi
2010 2669 2231 2733 auRore

306 2761 350 2821 '2
392 2759 625 2820 emoriar.
664 2755 1020 2838 Apostopesis
1057 2782 1212 2821 com-
1333 2758 1495 2822 servo
1529 2763 1599 2823 ad
1639 2763 1774 2824 haec
1808 2766 2116 2845 impulsum.

308 2853 635 2913 minantium
664 2849 934 2932 frequens,
1223 2869 1234 2881 ⁸
1421 2856 1457 2915 6
1500 2856 1558 2914 h.
1593 2879 1640 2918 e.
1680 2857 1941 2937 insignem
1976 2858 2143 2932 saciS,
2180 2862 2236 2925 b.

393 2965 430 3011 2
472 2951 657 3009 Verum
688 2945 957 3009 irridentis
999 2946 1078 3009 est
1093 2990 1115 3022 ,
1138 2951 1218 3008 uti
1338 2947 1374 3007 1.
1402 2951 1456 3008 in
1478 2953 1718 3028 peiorem
1742 2967 1952 3030 partem
1973 2998 1991 3021 ‚
2012 2957 2086 3011 uti
2111 2955 2234 3018 Cic‘.

305 3042 432 3104 dein
467 3043 632 3103 credo·
1329 3038 1458 3102 Off.
1484 3041 1536 3102 ΙΙ
1554 3089 1572 3115 ,
1600 3064 1639 3118 7
1673 3043 1966 3104 Phalaridis
1986 3048 2239 3107 nobilita-¹

398 3160 425 3220 3
465 3141 557 3199 int.
579 3137 820 3199 flaturum
852 3158 1091 3221 eumque
1121 3159 1216 3200 re·
1335 3157 1393 3197 ta
1425 3138 1741 3210 crudelitas,
1777 3139 1837 3200 &
1874 3139 2048 3199 Plaur.
2090 3139 2239 3203 Rud.

217 3262 230 3273 .
310 3247 548 3291 motum.
565 3226 652 3288 Sic
668 3228 890 3291 phorm.
908 3230 1006 3302 V·,
1028 3253 1094 3305 2,
1122 3253 1209 3292 12.
1335 3229 1420 3291 ΙΙΙ
1437 3274 1457 3301 ,
1485 3250 1541 3300 2,
1573 3249 1596 3311 5
1626 3232 1713 3311 qui
1727 3232 1788 3312 se
1797 3231 1987 3312 scelere
1999 3233 2122 3306 fieri
2138 3254 2238 3290 no-

309 3325 378 3384 In
426 3323 558 3380 diem
606 3325 741 3382 abiit
791 3324 984 3384 malum
1006 3370 1030 3397 ,
1072 3327 1216 3405 quod
1332 3326 1453 3384 lunt
1505 3325 1721 3389 nobiles.
1762 3323 1980 3403 'Quod
2017 3324 2241 3404 quidam

305 3421 554 3504 praestas
570 3420 770 3501 ficerat.
795 3419 918 3483 Cic.
941 3441 1044 3503 pro
1058 3421 1213 3486 Cael.
1335 3419 1504 3484 MSS.
1525 3422 1585 3482 &
1603 3421 1727 3482 edd.
1751 3435 1888 3497 vett.
1918 3420 2238 3480 denobilitas

318 3533 367 3572 c.
407 3534 481 3587 24
515 3517 571 3574 in
595 3517 726 3578 diem
741 3538 945 3598 poenas
970 3518 1213 3600 praesen·-
1332 3509 1539 3577 hahent
1557 3561 1579 3586 ‚
1615 3538 1647 3575 a
1686 3513 2081 3577 Grammaticis
2122 3514 2241 3578 foe·-

318 3606 396 3665 u's
416 3607 637 3688 fraudis
664 3610 743 3668 dii
769 3610 1049 3692 ufir-vane.
1259 3606 1266 3615 ¹
1330 3608 1466 3669 dum
1489 3604 1582 3669 est.

400 3714 442 3774 4
483 3698 664 3781 Quod
702 3721 772 3761 ex
814 3703 1042 3780 antiquis
1084 3700 1218 3785 libb.
1422 3720 1465 3777 7
1519 3698 1613 3760 Sic
1638 3699 1752 3761 duo
1779 3698 1963 3764 codd.
1998 3701 2141 3786 Reg.
2182 3703 2245 3766 8(

325 3813 414 3874 ap.
441 3794 639 3855 Faern.
666 3794 732 3854 81.
759 3791 1105 3872 eas-plerisque
1120 3791 1222 3851 suis
1341 3791 1526 3854 Acad.
1554 3813 1639 3873 ap.
1666 3792 1843 3851 BentL
1873 3794 2042 3875 Vulg.
2068 3799 2248 3855 omit-

323 3885 556 3948 reddidit
589 3885 763 3945 Bentl.
794 3905 897 3962 pro
930 3884 1084 3965 vulg.
1121 3886 1228 3943 mi-
1350 3889 1417 3946 tir
1434 3887 1582 3969 patri
1597 3910 1622 3959 ,·
1650 3885 1793 3946 unde
1825 3901 1964 3948 'vero
1989 3889 2064 3951 {ic
2103 3902 2252 3950 mer-

326 3979 529 4048 uitare,
546 3973 697 4056 quod
718 3989 896 4032 metro
919 3971 1233 4053 adversum‘
1348 3997 1445 4055 que
1464 3977 1565 4052 (δι
1584 3974 1723 4037 filius
1742 3979 1803 4038 δι
1823 3980 2018 4063 pater)
2034 3983 2056 4042 ἓ
2077 3979 2252 4042 BentL

419 4089 446 4155 ς
477 4066 656 4130 BentL·
680 4062 896 4148 refingit
912 4060 1071 4145 Jbllee
1103 4063 1234 4144 quid
1348 4086 1492 4128 *veto
1515 4073 1776 4150 expungit
1799 4073 2032 4141 eundem,
2062 4074 2117 4126 in
2139 4085 2254 4148 quo

325 4168 417 4227 ad.
479 4162 591 4226 Sed
638 4162 747 4222 iam
788 4157 910 4220 satis
957 4155 1230 4216 stultitiam
1351 4157 1417 4219 δι
1453 4177 1650 4220 omnes
1696 4159 1830 4220 libb.
1877 4161 2255 4229 conveniunt,

330 4258 490 4320 servo
507 4257 811 4317 obiecerat:
827 4252 890 4314 δι
909 4250 1237 4334 credasflul-
1356 4270 1460 4311 nec
1490 4268 1728 4313 metrum
1760 4252 1999 4312 laeditur.

327 4368 436 4410 tum
457 4350 549 4411 hic
587 4349 702 4410 dici
739 4369 810 4410 ex
843 4366 1033 4407 amore
1060 4345 1123 4406 δι
1158 4359 1228 4405 ex
1431 4341 1466 4402 8
1491 4346 1545 4407 h.
1567 4364 1616 4406 e.
1645 4363 1850 4425 poenas
1884 4339 2255 4423 graviffimas,

327 4442 507 4522 prima
575 4455 752 4505 aente
830 4435 1235 4521 imprudentem
1351 4454 1493 4519 quae
1518 4433 1620 4519 sint
1651 4433 1724 4497 ad
1752 4432 2114 4587 exgrdnplm4
2164 4473 2193 4491 .-

606 4541 613 4557 ·
1156 4527 1175 4574 ἱ

2424 4423 2461 4443 Q

2206 4670 2488 4798 1·
