2809 5234
543 588 547 600 ι

875 616 885 627 ι

947 644 954 651 .

419 678 425 685 1

413 690 420 710 ι’
2487 697 2491 701 .

221 726 230 737 ι

918 910 1642 990 ADELPHL
1861 859 1867 864 ’
2172 926 2271 1008 ῃ

233 1117 241 1125 ·
333 1081 439 1156 D.
491 1081 638 1154 Cur
687 1101 872 1152 nunc
919 1077 1106 1174 apud
1160 1095 1228 1148 te
1262 1062 1509 1172 potati
1545 1097 1669 1146 cur
1709 1069 1954 1170 recipis
1982 1097 2212 1148 meum
2240 1082 2276 1152 Β
2336 1158 2345 1165 ‚

336 1212 485 1283 Cur
536 1207 704 1279 emis
750 1203 1081 1290 amicam,
1129 1202 1341 1273 Micio
1377 1204 1613 1306 {num
1651 1199 1775 1298 qui
1804 1200 2028 1271 minus
2357 1183 2361 1187 ³

334 1313 512 1400 Mihi
546 1326 731 1396 idem
779 1325 885 1395 ius
926 1344 1229 1418 aequom
1267 1318 1364 1392 e'st
1402 1319 1576 1411 effe,
1631 1321 1827 1418 quod
1865 1344 2137 1394 mecum
2173 1320 2269 1393 est

731 1447 858 1519 tibi
883 1446 911 1518 ῐ·

2123 1443 2280 1543 ἠ

339 1596 646 1690 Quando
697 1618 830 1690 ego
878 1611 1078 1665 tuum
1121 1595 1269 1663 non
1304 1613 1477 1663 curo
1503 1642 1527 1680 ,
1561 1613 1647 1662 ne
1674 1614 1838 1663 cura
1874 1614 2128 1665 meum.

342 1725 443 1788 M.
475 1717 639 1787 Non
671 1736 973 1810 aequom
1007 1710 1245 1784 dicis...
1288 1713 1391 1784 D.
1441 1734 1586 1782 non
1624 1726 1644 1759 ¹
1674 1709 1701 1781 ἓ
1738 1713 1848 1782 Μ.
1883 1721 2277 1809 namdvetus

730 1837 1024 1911 verbum
1060 1853 1087 1887 ⁸
1144 1836 1285 1909 hoc
1334 1836 1615 1934 quidem
1666 1831 1763 1908 est
1791 1889 1814 1925 ‚

350 1988 743 2056 Communia
800 1981 914 2082 effi
956 1984 1307 2053 amicorum
1346 1983 1515 2049 inter
1533 1980 1611 2073 fi
1660 1983 1904 2052 omnia.

342 2130 445 2199 D.
495 2130 733 2199 Facete
763 2125 780 2196 !
820 2149 1005 2198 nunc
1048 2126 1329 2197 demum
1365 2120 1565 2194 istaec
1597 2142 1757 2195 nata
1792 2122 2023 2198 oratio
2058 2125 2153 2198 est
2199 2133 2311 2204 ³?.

341 2258 443 2323 M.
466 2248 790 2323 Ausculta
814 2249 1072 2346 paucis,
1097 2249 1216 2319 nisi
1249 2245 1613 2320 molestum
1638 2244 1734 2318 est
1751 2299 1774 2335 ,
1798 2247 2069 2322 Demea
2100 2272 2151 2325 4.
2181 2279 2275 2332 20

343 2389 747 2486 Principiog
784 2387 835 2458 fi
874 2387 947 2458 id
990 2405 1060 2457 te
1100 2385 1377 2458 mordet
1406 2439 1428 2475 ‚
1474 2382 1822 2481 sumptum
1857 2383 1983 2456 filii

343 2527 581 2624 Quem
612 2526 874 2601 faciunt
895 2577 920 2615 ,
950 2523 1205 2622 quaeso
1250 2524 1387 2598 ho:
1424 2522 1638 2600 facito
1677 2543 1920 2598 tecum
1954 2521 2216 2625 co‘gites
2247 2550 2270 2597 :

434 2828 461 2868 1
516 2807 680 2867 Don.
735 2804 849 2865 hoc
904 2828 1011 2866 uon
1061 2805 1235 2866 etiam

345 2916 593 2977 Micioni
623 2916 818 2977 tribuit
840 2961 858 2991 ,
888 2909 1069 3000 quiid
1096 2935 1234 2974 eon·

347 3020 582 3083 fidenter
629 3024 1011 3104 repetiverit3
1071 3021 1230 3104 quod

344 3153 518 3215 quam
560 3134 756 3212 inepte
803 3133 866 3189 in
911 3129 1234 3189 Micionem

349 3241 565 3299 dicatur
590 3285 606 3311 ,
636 3259 790 3319 patet
820 3259 888 3298 ex
927 3258 999 3295 eo
1016 3281 1033 3311 ,
1075 3237 1231 3319 quod

346 3346 532 3407 Micio
587 3345 779 3406 iocose
832 3363 1110 3427 provocet
1159 3346 1230 3406 ad

244 3436 253 3444 ⁸
347 3450 735 3532 proverbium.
759 3450 889 3531 Ipse
922 3450 1105 3511 Micio
1124 3450 1229 3513 fta·

345 3577 495 3618 trem
531 3557 586 3617 se
631 3560 940 3639 reprimere
986 3553 1229 3620 infferat.

345 3664 547 3748 ltaque
574 3665 762 3725 Codd.
788 3665 984 3745 plures
1016 3675 1069 3741 ὃς
1101 3667 1228 3725 edd.

346 3787 487 3832 yett.
543 3771 605 3825 in
650 3769 853 3849 quibus·
886 3779 941 3826 8(
990 3771 1179 3827 nostra
1210 3813 1227 3839 ‚

354 3892 485 3931 cum
540 3869 726 3928 Bentl.
780 3858 1100 3951 sequin'mr‚
1139 3872 1240 3951 qui

348 3967 416 4030 id
447 3966 810 4026 vehementer
841 3988 874 4025 a
898 3965 1118 4030 Demea
1152 3967 1239 4023 in-

349 4078 656 4144 sericatum
694 4073 897 4136 voluit.

422 4209 467 4245 ‘2
530 4183 666 4245 Seil.
721 4183 1079 4245 Graecorum
1111 4228 1127 4255 ,
1183 4189 1238 4241 δι

353 4289 591 4374 quidem
617 4287 974 4371 Pythagorea
1003 4309 1134 4347 vox.
1165 4287 1234 4348 cf.

352 4398 488 4473 Cic.
518 4394 614 4456 off.
645 4396 710 4468 I,
740 4405 826 4455 16.
855 4397 924 4455 de
953 4395 1138 4479 Legg.
1159 4395 1248 4473 ΙΙ,

460 4484 772 4561 Terentius
827 4481 903 4550 T.
949 4481 1048 4550 ΙΙ.
1111 4510 1123 4518 ·

1399 2823 1485 2864 12.

1482 2933 1508 2991 3
1562 2912 1806 2998 Signum
1837 2918 2079 3001 rogandi
2125 2921 2283 2982 addi-

1396 3042 1544 3081 mus.
1574 3022 1799 3105 Ironice
1833 3033 1885 3084 8<
1919 3026 2056 3085 irate
2080 3048 2277 3110 rogat,

1399 3151 1497 3189 cur
1543 3131 1602 3192 id
1647 3154 1799 3191 nunc
1846 3133 2117 3213 demum(
2157 3158 2280 3196 non

1394 3239 1603 3319 prius)
1633 3238 1734 3297 tibi
1751 3240 1814 3297 in
1835 3262 2082 3300 mentem
2105 3246 2280 3317 venit,

1396 3349 1499 3430 qui
1524 3347 1700 3408 hodi-e
1733 3351 1919 3410 dixisti
1958 3354 2108 3411 Nam
2131 3358 2280 3414 ambo

1391 3477 1571 3516 curare
1609 3461 1970 3538 propemodum
2031 3463 2282 3541 reposcere

1395 3560 1545 3620 illum
1592 3565 1660 3638 el?
1677 3609 1694 3635 ‚
1739 3586 1884 3644 quem
1924 3567 2100 3647 defisli
2123 3588 2148 3638 ;
2207 3568 2278 3632 cf.
2302 3588 2323 3601 ‘

1396 3662 1566 3746 supra
1604 3666 1663 3738 1,
1702 3690 1767 3741 2,
1821 3689 1913 3746 53.
1967 3669 2142 3748 Quod
2178 3670 2280 3732 ille

1395 3770 1538 3828 dixit
1574 3773 1783 3830 verbum
1799 3816 1819 3842 ,
1872 3773 1969 3835 hic
1998 3779 2281 3839 orationem

1400 3892 1509 3952 pet
1546 3874 1795 3934 ironiam
1826 3898 2011 3940 vocat.

1482 3992 1520 4039 4
1561 3968 1745 4028 Iocari
1789 3973 1902 4032 iam
1944 3978 2141 4039 definit
2166 4026 2182 4053 ‚
2218 4003 2287 4049 ao

1390 4071 1613 4135 sublato
1633 4078 1746 4138 iam
1759 4085 2071 4161 proverbio
2092 4110 2109 4160 ·‚
2136 4087 2283 4147 serio

1400 4181 1588 4265 magis
1607 4191 1660 4242 ὅ(
1678 4183 1801 4265 ipse
1819 4231 1836 4261 ,
1862 4187 1956 4248 sed
1976 4191 2285 4270 moderate,

1396 4310 1523 4349 sem
1569 4310 1731 4371 putat
1766 4313 1896 4354 cum
1925 4294 2113 4359 fratre.

1836 4487 1916 4598 'G
