2809 5234
1060 670 1065 677 ι

457 844 839 918 PHORMIQ
1064 860 1136 941 απ

146 1011 270 1083 ¹Suum
290 1012 421 1083 unicam
441 1013 560 1080 locaret
578 1010 623 1078 ¹?
651 1004 752 1103 parvi
770 1003 907 1078 rettulit

165 1136 249 1207 Non
264 1130 441 1228 suscepiffe
459 1145 487 1204 ².
498 1135 548 1204 D.
560 1130 703 1203 inventa
720 1127 782 1219 est,
794 1152 883 1226 quae
895 1129 1017 1201 dotem
1029 1146 1138 1226 petat.

171 1262 216 1330 G.
233 1260 282 1330 Ut
293 1259 336 1329 ad
352 1280 460 1352 pauca
477 1255 641 1342 redeam,
660 1278 701 1326 ac
717 1253 853 1325 mittam
866 1252 958 1325 illius
972 1252 1138 1348 ineptias;

167 1381 262 1453 Haec
282 1381 433 1477 denique
459 1379 533 1449 eius
561 1375 628 1448 suit
662 1373 836 1471 postrema
862 1379 978 1450 oratio
1000 1396 1039 1443 ³:

167 1503 274 1598 Ego,
298 1500 439 1594 inquit,
463 1504 529 1570 iam
547 1525 569 1568 α
582 1501 748 1593 principio
764 1504 861 1597 amici
876 1503 1013 1593 filiam,
1090 1523 1135 1599 45

168 1621 223 1686 Ita
243 1640 280 1731 ur
305 1645 438 1711 aequom
461 1615 601 1706 ficerat,
622 1620 714 1688 volui
736 1646 870 1692 uxorem
902 1624 1040 1693 ducere:

168 1748 257 1814 Nam
281 1747 363 1814 mihi
384 1745 513 1813 venibat
531 1745 573 1811 in·
589 1767 723 1816 mentem
736 1747 802 1817 eiu'
817 1749 1039 1838 incommodi,

167 1874 211 1942 Iu
227 1872 413 1965 servitutem
433 1897 608 1964 pauperem
632 1874 679 1940 ad
696 1875 794 1942 ditem
813 1876 886 1942 dari
901 1891 950 1941 ⁴:
1073 1891 1077 1897 ’

167 1999 234 2068 Sed
250 2000 295 2067 mi
313 2020 395 2089 opus
408 2016 496 2082 crae,
520 2014 560 2063 ut
582 2014 687 2086 aperte
716 1997 776 2064 tibi
799 2020 886 2066 nunc
905 1993 1038 2084 fabuler
1057 2013 1103 2088 r‚·

213 2276 224 2314 1
247 2255 301 2314 int.
326 2250 468 2335 apodofin
489 2273 526 2312 m
547 2250 613 2332 plus

133 2396 136 2403 ²
167 2365 240 2421 darer
258 2362 352 2419 doris?
379 2358 502 2420 Omittit
528 2377 616 2431 vere,

170 2469 250 2552 quod
270 2488 332 2526 uon
354 2465 419 2526 satis
439 2452 542 2526 decore
567 2466 613 2524 di·

170 2599 279 2640 eetetut
290 2599 346 2659 pro
360 2598 389 2635 re
403 2576 613 2656 Demiphonis,

158 2701 207 2741 ,an
215 2681 294 2764 quod
306 2677 494 2739 interlocutus
504 2679 542 2738 est
551 2679 613 2739 De·

169 2785 295 2869 miphoi
309 2785 348 2848 cf.
359 2807 420 2848 not.
436 2783 480 2870 sq.

210 2917 226 2954 2
248 2892 327 2956 Geta
349 2892 523 2974 (secundum
544 2891 636 2954 lem·

169 3004 252 3065 Don.
267 3011 294 3063 &
312 3001 410 3065 Codd.
423 3003 434 3083 )
446 3002 515 3066 boec
527 3001 613 3061 verba

169 3127 235 3166 cum
255 3128 282 3166 v.
299 3105 340 3188 sq.
357 3107 453 3166 dicere
464 3105 560 3186 pergit
576 3103 614 3163 ad

168 3207 387 3270 Phormionem.
402 3210 483 3269 Don.
494 3209 612 3292 quidem

169 3318 202 3376 in
237 3315 350 3377 Grueta
381 3313 479 3374 fabula
515 3312 612 3373 senem

171 3417 351 3499 (Demiph.)
368 3414 461 3499 ipsum
487 3416 544 3478 hoc
566 3417 611 3477 di·

168 3518 237 3584 xiffe
256 3525 390 3583 restitut:
407 3523 484 3602 Quid
499 3524 610 3604 interest,

170 3650 210 3687 ne
236 3649 288 3686 non
307 3626 410 3707 fiescepi
431 3649 445 3684 e
465 3625 618 3703 filiam,fi

170 3736 245 3792 modo
276 3737 323 3791 dos
353 3734 458 3790 dabunt
485 3733 610 3790 alienae?

170 3836 258 3918 Eugt.
281 3854 350 3892 vero
367 3833 619 3914 verbaparvi-fitf·

170 3944 228 4024 cepi
248 3966 261 4001 e
285 3938 379 4001 Getae
398 3940 512 4013 tribuit,
541 3959 617 4000 tam·

171 4064 258 4127 quam
285 4042 361 4101 dista
380 4043 415 4103 ad
451 4043 618 4126 Demipho·

170 4177 249 4215 nem.
272 4153 394 4239 Reliqua
410 4157 619 4240 inventu-petat

172 4259 395 4338 Demiphouem
409 4260 504 4344 ipsum
515 4260 614 4324 dixiiie

173 4363 243 4428 vult.
261 4364 351 4446 Quod
368 4367 387 4427 st
402 4366 455 4439 stt,
472 4365 558 4435 senex
570 4367 617 4430 his

694 2249 788 2310 verbis
805 2249 906 2313 dotem
922 2259 1085 2336 promittit3
1104 2260 1142 2322 εί

698 2377 727 2418 v.
746 2365 801 2432 56,
826 2357 875 2418 ubi
897 2357 962 2449 sutis
986 2385 1144 2448 promptus

695 2466 736 2525 est
757 2465 793 2526 ad
806 2466 906 2528 dotem
925 2469 1026 2555 decem
1047 2476 1142 2537 mim-

698 2597 762 2636 rum
778 2577 938 2640 dicendam.
960 2578 1027 2641 Nos
1042 2583 1145 2663 priora

698 2678 807 2740 Getam
827 2703 883 2764 pto
903 2684 1022 2765 apodofi
1044 2678 1144 2746 diriffe

698 2786 735 2847 ad
750 2787 960 2851 Phormionem
981 2794 1143 2874 credimus,

697 2890 880 2978 teliquacutn
894 2897 982 2979 Eugt.
991 2899 1144 2962 tribuimus

697 2999 889 3081 Demiphoni.
906 3000 941 3060 cf.
954 3002 1027 3063 Eun.
1040 3005 1084 3066 IV
1094 3053 1101 3079 ‚
1112 3032 1144 3083 4,

698 3112 734 3175 6,
749 3102 883 3186 idemque
901 3102 1018 3184 poscere
1029 3107 1143 3170 videtur

696 3207 862 3269 formulam
872 3212 911 3268 ad
918 3231 1007 3290 pauca
1018 3218 1070 3275 red.
1086 3237 1144 3299 qua

693 3319 721 3371 dt
736 3310 895 3382 Parmeno,
909 3309 982 3371 Hec.
1003 3311 1032 3383 i,
1048 3335 1085 3384 2,
1100 3323 1141 3373 60

691 3416 758 3495 post
768 3412 978 3498 interloquium
995 3413 1093 3470 utitur.

736 3541 749 3598 3
780 3517 953 3600 Exemplum
983 3520 1143 3594 edentem.

698 3644 770 3708 quae
795 3625 884 3682 estin
905 3624 1000 3684 dictis.
1100 3617 1103 3623 ’

739 3759 757 3807 4
788 3733 879 3812 Quod
904 3735 942 3795 ad
970 3733 1080 3796 sensum
1105 3735 1144 3800 οἱ

701 3833 795 3931 Plaut.
811 3839 1015 3917 AuluL11‚2,
1029 3865 1066 3918 49
1079 3842 1144 3927 sqq.

700 3942 859 4029 Loquendi
873 3968 941 4006 veto
957 3950 1059 4007 modus
1070 3950 1144 4006 suni-

700 4047 737 4108 lis
755 4071 802 4131 ap.
815 4054 938 4114 eundem
955 4054 1045 4114 Stich.
1059 4055 1091 4126 1,
1104 4079 1119 4113 ι
1131 4098 1146 4126 ,

701 4183 735 4240 83
765 4164 855 4244 Hoflis
881 4169 914 4247 est
938 4187 1027 4235 uxor,
1058 4168 1146 4228 invita

696 4291 763 4349 quae
777 4271 815 4328 ad
831 4271 916 4331 virum
934 4290 1044 4352 nuptum
1052 4279 1143 4350 danus

743 4394 756 4449 5
772 4372 832 4442 lam
846 4371 927 4437 cause
936 4377 1078 4455 petendae
1087 4401 1144 4463 pe«.
