2809 5234
1059 986 1703 1060 ANDR1A.·
2210 1016 2311 1084 ·4¹

390 1157 467 1222 S.
511 1146 716 1223 Unde
751 1144 823 1220 id
867 1138 1028 1220 scis'?
1072 1151 1180 1220 D.
1214 1144 1492 1236 audivi,
1528 1160 1595 1218 et
1634 1143 1861 1220 credo.
1908 1145 2114 1222 multa
2158 1171 2324 1224 con-

732 1288 1009 1346 currunt
1049 1269 1238 1343 simul
1268 1322 1293 1359 ,

384 1396 530 1493 Qui
591 1395 1045 1472 eoniefiuram
1114 1394 1283 1466 banc
1335 1416 1514 1466 nunc
1568 1389 1767 1467 facio.
1840 1389 1977 1466 iam
2030 1393 2326 1492 primum

718 1521 900 1594 haec-
932 1517 996 1593 se
1044 1543 1085 1593 e
1128 1515 1481 1616 Pamphilo
1562 1559 1573 1569 ·

384 1647 758 1726 Gravidam
801 1645 969 1720 dixit
1002 1643 1154 1719 effe.
1220 1640 1574 1719 inventum
1607 1643 1702 1720 est
1732 1644 1967 1719 falsum
2006 1661 2052 1720 ¹.
2090 1671 2269 1721 nunc
2294 1698 2323 1734 ,

713 1766 1063 1868 postquam
1112 1764 1303 1841 videt

376 1892 658 1993 Nuptias
695 1891 881 1966 domi
927 1890 1236 1990 apparari
1260 1937 1284 1977 ,
1311 1887 1499 1997 miffa
1540 1889 1637 1964 est
1676 1890 1908 1966 ancilla
1936 1890 2120 1966 illico

374 2013 814 2091 Obstetricem
852 2011 1232 2088 arceffitum
1261 2012 1347 2086 ad
1383 2033 1532 2084 eam
1557 2064 1582 2103 ,
1613 2029 1681 2087 et
1707 2038 1993 2110 puerum
2014 2034 2089 2089 ut
2115 2015 2316 2090 affer-

644 2240 649 2246 ,
702 2151 805 2208 ret
855 2133 1068 2208 simul.
2036 2199 2041 2205 .
2214 2161 2329 2237 35,
2468 2153 2474 2160 '

362 2262 518 2341 Hoc
567 2261 688 2338 nifi
725 2260 803 2335 fit
826 2314 850 2352 ,
877 2285 1163 2358 puerum
1202 2276 1278 2333 ut
1320 2277 1393 2334 tu
1434 2257 1664 2336 videas
1673 2313 1703 2350 ,
1740 2256 1904 2334 nihil
1947 2279 2309 2339 meventur

697 2400 992 2481 nuptlae.

360 2521 436 2586 S.
482 2511 676 2606 Quid
723 2507 818 2582 ais
850 2513 937 2579 ²?
987 2532 1144 2582 cum
1163 2505 1610 2582 -intellexeras

353 2636 434 2705 Id
462 2624 716 2733 cohfilii
741 2655 1011 2727 capere,
1035 2655 1154 2702 cur
1177 2654 1316 2708 non
1342 2630 1511 2703 dixti
1537 2630 1871 2728 extemplo
1897 2630 2299 2729 Pamphilo?

359 2761 466 2828 D.
498 2752 671 2847 Quis
704 2750 909 2850 igitur
935 2777 1090 2825 eum
1117 2751 1202 2824 ab
1237 2751 1343 2823 illa
1378 2752 1733 2845 abstraxit,
1758 2753 1880 2829 nisi
1923 2781 2054 2856 ego
2082 2755 2112 2829 ἓ
2142 2782 2296 2831 nam

693 2894 930 2945 omnes
973 2892 1100 2942 nos
1140 2869 1416 2966 quidem

347 2992 605 3069 Scimus
624 3045 648 3084 ,
676 2980 881 3093 quam⁵
906 2988 1141 3065 misere
1171 2987 1341 3064 hanc
1366 2993 1621 3071 amarit.
1656 3020 1833 3070 nunc
1864 2992 1979 3069 fibi
2007 3021 2292 3073 uxorem

686 3142 772 3190 ex
822 3131 963 3191 ent.
2191 3148 2290 3214 40

265 3218 290 3257 ³
346 3235 693 3312 Postremo
734 3142 817 3308 id²
854 3233 1022 3310 mihi
1065 3233 1150 3310 da
1198 3233 1448 3337 negoti.
1498 3255 1572 3313 tu
1611 3257 1834 3312 tamen
1868 3252 1894 3303 3
1948 3237 2128 3313 idem
2171 3241 2288 3318 has

687 3359 947 3458 nuptias

338 3486 542 3583 Perge
569 3482 789 3560 facere
816 3484 907 3558 ita
925 3533 949 3573 ,
973 3503 1051 3559 ut
1086 3483 1281 3560 facis:
1314 3505 1378 3560 et
1401 3486 1472 3562 id
1500 3486 1698 3585 spero
1725 3486 2071 3559 adiuturos
2093 3486 2277 3564 deoS.

338 3609 416 3674 S.
452 3606 599 3677 Imo
640 3603 747 3676 abi
788 3601 971 3678 intro
1001 3629 1020 3676 ε
1056 3596 1174 3677 ibi'
1195 3630 1304 3679 me
1333 3609 1692 3704 opperire,
1719 3628 1786 3680 et
1816 3607 2002 3706 quod
2038 3627 2276 3706 parato
2309 3595 2323 3607 ⁵

673 3748 848 3819 opus
897 3724 993 3797 est
1017 3777 1043 3815 ,
1083 3751 1268 3821 para.

224 3846 236 3857 '
334 3841 499 3915 Non
539 3842 806 3941 impulit
846 3869 998 3936 me,
1040 3845 1204 3920 haec
1246 3872 1427 3922 nunc
1468 3846 1753 3923 omnino
1783 3864 1857 3924 ut
1903 3849 2270 3928 crederem.

416 4069 441 4110 1
478 4046 567 4110 Ex
595 4047 861 4130 opinione
888 4047 1129 4111 Simonis
1156 4051 1239 4113 di·
1351 4053 1566 4118 versute
1595 4058 1636 4121 it
1675 4047 1943 4131 obviam',
1988 4075 2050 4120 ut
2091 4060 2261 4120 etiam

323 4151 399 4214 cit
416 4198 436 4228 ‚
473 4151 537 4215 &
565 4152 683 4213 eius
713 4153 877 4214 utitur
905 4173 1108 4218 errore.
1352 4162 1775 4244 comprehensus
1806 4165 2068 4226 elabatur.

407 4282 442 4322 2
470 4258 722 4343 Quaqua
753 4257 807 4320 se
834 4276 1070 4323 verteret
1107 4260 1239 4325 Da·
1443 4285 1470 4347 3
1517 4268 1630 4332 Ms.
1662 4270 1824 4333 Bodl.
1861 4289 1980 4329 non
2016 4267 2260 4351 agnoseit
2322 4276 2333 4288 '

318 4380 428 4423 vus
446 4409 468 4435 ,
508 4362 746 4424 obvium
768 4362 1131 4449 infestumque
1157 4369 1238 4467 ip·
1349 4379 1406 4432 '10
1427 4374 1562 4433 idem
1576 4415 1602 4447 ,
1620 4394 1797 4461 neque
1817 4373 1905 4438 ed.
1934 4374 2100 4458 1469.

308 4469 470 4532 venit
513 4466 698 4532 senem
735 4495 752 4536 :
797 4470 863 4541 &
921 4489 1111 4537 tamen
1146 4475 1224 4537 ita
