2809 5234
2003 658 2016 665 v

2216 671 2221 687 Ι

1097 856 1114 896 .

834 961 1820 1090 EUNUCH'US.⁴
1957 1005 2277 1081 ,ιη

324 1145 411 1218 P.
437 1142 627 1241 Quid
652 1141 791 1243 agis
826 1142 902 1246 1'?
929 1142 1205 1218 iocabar
1236 1141 1578 1240 equidem.
1604 1147 1676 1216 C.
1703 1141 1930 1242 garris.
1956 1146 2039 1219 P.
2060 1142 2232 1242 perii
2254 1195 2281 1237 ,

672 1267 839 1367 quid
863 1289 996 1366 ego
1024 1265 1130 1364 egi
1162 1266 1410 1342 miser?

327 1397 499 1490 Quo
545 1393 811 1467 trudis?
874 1391 1240 1488 perculeris
1285 1391 1425 1465 iam
1469 1408 1545 1466 tu
1577 1389 1746 1467 me?
1790 1387 1914 1467 tibi
1953 1389 2291 1491 equidem*⁴

674 1518 872 1607 dico,
904 1539 1124 1590 mane.

330 1647 408 1718 C.
445 1646 707 1717 Eamus.
745 1646 827 1715 P.
853 1638 1113 1740 pergin?
1146 1637 1239 1713 ²?
1284 1639 1357 1711 C.
1393 1656 1655 1713 certum
1683 1637 1801 1712 est.
1840 1644 1920 1714 P.
1953 1634 2151 1733 vide,'
2191 1664 2281 1716 ne

672 1765 957 1846 nimium
1003 1762 1289 1839 calidum
1316 1765 1454 1835 hoc
1489 1763 1569 1838 fit
1608 1766 1843 1841 modo.

329 1898 404 1970 C.
445 1895 610 1967 Non
639 1890 735 1966 est
776 1885 1113 1986 profecto.
1157 1888 1312 1962 fine.
1349 1892 1435 1960 P.
1477 1909 1545 1960 at
1586 1889 1768 1962 enim
1810 1887 2008 1966 istaec
2040 1889 2112 1966 in
2155 1914 2269 1965 me

670 2013 955 2090 cudetur
996 2011 1153 2087 faba
1188 2026 1240 2087 3.
1291 2013 1377 2085 ah
2058 2081 2063 2086 ,

322 2142 671 2243 Flagitium
710 2138 1012 2214 facimus·
1054 2142 1122 2212 C.
1154 2163 1240 2210 an
1275 2137 1362 2241 id,
1390 2135 1714 2236 flagitium
1759 2138 1857 2216 est
1877 2193 1902 2232 ,
1927 2136 1978 2212 fi
2021 2135 2094 2213 in
2133 2139 2279 2226 <103

664 2290 854 2340 mum
895 2261 1345 2342 meretriciam
2175 2279 2279 2365 9:

320 2391 676 2483 Deducat,
714 2408 780 2463 et
820 2389 946 2462 illis
984 2388 1294 2464 crucibus
1326 2402 1360 2449 4
1376 2440 1400 2479 ,
1430 2411 1599 2486 quae
1624 2411 1752 2464 nos
1778 2441 1804 2481 ,
1841 2386 2270 2489 nostramque

664 2513 1179 2588 adolescentiam
1991 2504 1995 2509 ’
2052 2535 2056 2538 ·

320 2642 593 2716 Habent
645 2637 770 2711 des
760 2639 1043 2736 picatam
1068 2686 1094 2725 ‚
1142 2654 1211 2712 et
1257 2663 1431 2738 quae
1450 2603 1599 2717 2nos
1640 2643 1902 2741 semper
1943 2638 2263 2728 omnibus

670 2763 972 2873 cruciant
1009 2763 1229 2836 modis
1248 2818 1276 2854 ,

322 2890 527 2964 Nunc
563 2886 854 2962 referam
887 2885 1165 2985 gratiam
1185 2939 1211 2977 ,
1240 2908 1440 2987 atque
1471 2899 1583 2963 eas
1615 2888 1850 2964 itidem
1886 2885 2107 2962 fallam
2131 2935 2157 2974 ‚
2189 2902 2268 2960 ut

666 3013 752 3088 ab
796 3010 926 3087 iuis
965 3000 1308 3086 fallimur?

321 3139 434 3215 'An
455 3139 681 3240 potius
702 3139 866 3214 haec
897 3138 1065 3237 patri
1092 3161 1382 3238 aequum
1418 3133 1514 3214 est
1539 3133 1685 3212 fieri
1701 3190 1726 3227 ‚
1753 3153 1828 3255 ut
1864 3159 1904 3210 a
1936 3161 2046 3213 me
2079 3138 2272 3234 luda-

667 3279 781 3336 tur
826 3262 1001 3337 dolis
1036 3277 1056 3327 5
1086 3263 1118 3337 ?

413 3443 443 3486 1
470 3421 670 3505 Quam
699 3422 842 3485 bene
869 3421 1082 3487 simulat
1120 3422 1240 3486 ser-
1360 3421 1559 3507 (quod
1577 3422 1748 3487 Gesn.
1771 3424 1830 3486 in
1854 3421 1988 3487 thes.
2015 3443 2161 3486 voce
2172 3422 2275 3507 fh-

323 3541 430 3584 vus
457 3521 520 3582 &
541 3517 699 3581 simul
715 3521 955 3584 incendit
969 3522 1235 3582 iuvenem
1355 3521 1428 3579 ba
1461 3519 1646 3582 laudat
1675 3519 1796 3603 post
1822 3519 2082 3604 Bilciol.)
2117 3520 2278 3582 Ean-

320 3616 681 3701 repugnando
701 3618 731 3679 ῒ
1359 3616 1494 3676 dem
1526 3636 1768 3698 poenam
1798 3613 1943 3676 infra
1969 3614 2031 3676 V
2050 3661 2072 3691 ‚
2096 3637 2172 3697 7,
2200 3634 2280 3678 20

408 3735 444 3775 2
471 3713 680 3776 Levius
696 3714 810 3777 iam
828 3711 1037 3779 resistit.
1354 3712 1584 3794 Pythias
1606 3711 1942 3790 Parmenoni
1982 3705 2282 3797 praedicitz

414 3829 445 3890 3
479 3811 539 3869 h.
561 3830 612 3869 e.
628 3811 686 3866 in
702 3830 794 3869 me
811 3825 1064 3890 expetet,
1084 3809 1245 3891 quid-
1368 3808 1449 3867 Tu
1481 3809 1586 3887 iam
1619 3809 2007 3893 pendebis-uti
2024 3795 2032 3804 ⁶
2047 3809 2275 3871 Phorm-

325 3902 462 3986 quid
480 3902 570 3962 hic
584 3901 717 3962 mali
732 3901 844 3962 fiet.
879 3902 1117 3964 Locutio
1139 3903 1244 3965 ser·
1363 3902 1426 3977 1,
1454 3923 1495 3976 4
1509 3947 1530 3974 ,
1551 3921 1627 3982 43
1654 3903 1777 3983 Ego
1789 3902 1989 3985 pleblar
2006 3907 2266 3986 pendens.

326 3998 485 4071 vilis,
521 4015 665 4078 quae
685 4039 708 4066 ,
730 3995 878 4056 unde
905 3997 1085 4055 trahat
1121 4000 1235 4057 ori·
1442 4018 1484 4070 4
1525 3996 1614 4057 Sic
1654 3996 1994 4079 appellantur
2027 4000 2281 4058 meretri-

327 4097 550 4181 ginem‚
577 4091 877 4154 obscurum
904 4087 1000 4152 est.
1031 4089 1243 4152 Forsan
1365 4110 1459 4151 ces
1486 4091 1551 4152 δι
1578 4091 1770 4153 Plauto
1806 4093 1935 4154 Aul.
1960 4091 2077 4164 111,
2109 4091 2282 4175 5‚48.

326 4191 521 4254 alludit
542 4189 615 4251 ad
631 4188 820 4250 servos
837 4186 936 4248 sub
953 4185 1106 4248 furca
1128 4207 1250 4251 cae-
1369 4187 1445 4250 cf.
1465 4189 1612 4271 Lips.
1644 4192 1714 4254 de
1753 4189 1953 4253 Cruce·
1969 4188 2033 4262 1,
2069 4210 2122 4252 2.
2382 4200 2387 4205 “

328 4282 832 4360 disolitosscutica,
851 4283 1247 4367 quaminsum⁴
1459 4301 1487 4367 5
1522 4284 1621 4344 An
1661 4287 1847 4366 potius
1886 4303 2130 4364 aequum
2165 4282 2286 4362 est,

326 4383 517 4444 mitate
537 4381 720 4443 nodos
746 4383 803 4442 in
821 4380 1056 4443 modum
1073 4378 1245 4462 sabae
1280 4413 1285 4417 -
1365 4400 1461 4442 me
1471 4378 1754 4443 intendere
1765 4379 2005 4443 fallacias
2022 4381 2288 4461 pecuniae
2382 4376 2386 4381 ’

326 4474 569 4543 habuiffe
601 4476 767 4542 tradit
802 4474 1050 4540 scholion
1080 4472 1243 4541 Persii
1362 4496 1399 4541 a
1441 4491 1598 4560 patre
1640 4473 2000 4634 aui-lerendae,
2020 4494 2192 4562 quam
2214 4477 2284 4555 in

1829 4583 1873 4634 ι
1940 4592 1948 4598 ,
2015 4585 2021 4591 .
