2809 5234
772 321 777 325 ,
920 310 932 319 a

551 337 554 339 Α
582 332 673 342 -naew-
712 332 715 336 ·

368 800 457 874 AD
508 796 936 871 ADELPHOS.
1071 820 1141 895 37¹

220 989 250 1054 p.
267 961 318 1033 28.
334 961 392 1032 lin.
413 987 438 1048 4
455 957 502 1050 sq.
528 957 645 1050 Vulgo
671 957 723 1028 hic
744 957 855 1030 versus
874 955 1080 1046 postponitur
1094 958 1148 1030 se·

175 1059 299 1146 quenti.
328 1055 405 1125 Nos
431 1078 507 1122 cum
532 1047 644 1120 Bentl.
669 1054 813 1138 priorem
841 1049 998 1135 facimus,
1022 1074 1058 1120 re
1082 1051 1150 1142 ipsa

176 1150 322 1218 iubente.
682 1159 689 1167 ““

168 1286 184 1312 ,,
221 1265 253 1328 p.
270 1263 311 1330 29
327 1240 382 1305 lin.
406 1239 438 1306 6.
449 1257 529 1325 puro.
550 1233 647 1302 Ante
663 1229 691 1301 F
692 1257 827 1302 aernum
844 1229 1002 1302 edebatur
1012 1241 1120 1322 drpuro.

180 1321 1154 1509 ni:diritatisdiffinistiAmisisti:

180 1540 201 1578 ι.
224 1518 334 1696 sins5.
342 1607 471 1690 facerem.
488 1597 540 1668 Sic
557 1595 671 1670 Faern.
697 1623 741 1669 ex
764 1597 881 1670 Bemb.
899 1604 960 1669 &o
983 1599 1157 1692 nostraque
1269 1677 1271 1682 Α

181 1717 279 1768 vetus
301 1695 352 1762 ed.
367 1695 428 1764 Al.
444 1719 556 1782 agerem.

228 1787 285 1855 lin.
300 1810 349 1853 ro.
363 1793 419 1852 hui.
429 1782 481 1854 Sic
491 1779 598 1851 Codd.
608 1789 641 1849 δι
654 1781 728 1849 edd.
739 1785 826 1851 inter
840 1805 921 1872 quas
938 1780 1042 1853 nostra
1050 1805 1158 1856 vetuo.
1262 1796 1266 1803 “

182 1875 286 1947 Guid.
301 1877 371 1948 luv.
386 1877 613 1955 Erasmianae,
636 1872 813 1956 Dacieria,
837 1871 999 1946 Westerh.
1014 1875 1096 1945 hanc
1111 1883 1160 1946 in·

182 1973 409 2039 terieriionem
434 1968 584 2037 tribuunt
607 1963 765 2047 Sannioni
791 1965 974 2043 (ridentis
995 1966 1162 2056 respuenti

183 2061 307 2131 dicium
330 2061 435 2141 servi)
453 2079 489 2127 ut
506 2056 589 2124 infra
612 2055 681 2136 Ill,
697 2054 803 2141 4‚48
820 2052 948 2125 &Eun
961 2055 1012 2126 lv
1026 2083 1098 2150 ‚7,
1119 2082 1158 2154 35

183 2160 217 2221 δι
232 2180 310 2223 mox
337 2159 458 2242 pariter
473 2149 595 2218 Sannio
611 2151 767 2216 interiicit
787 2155 854 2214 iem.
872 2145 999 2238 Neque
1016 2152 1095 2221 alias
1111 2159 1163 2221 in-

184 2249 335 2314 terieeiio
355 2248 389 2310 in
412 2243 523 2314 medio
547 2239 697 2308 sermone
728 2239 835 2309 obvia.
861 2238 978 2329 itaque
1004 2243 1163 2314 audemus

186 2356 298 2404 contra
320 2331 429 2402 Codd.
451 2330 567 2400 Bemb.
583 2339 615 2398 &
631 2329 757 2400 Basilio.
774 2355 792 2400 e
809 2330 929 2419 quibus
951 2329 979 2400 F
981 2358 1066 2402 aern.
1089 2362 1164 2407 eam

162 2442 165 2448 ·
187 2450 322 2516 quoque
343 2423 414 2515 Syri
436 2424 499 2491 esse
525 2422 606 2491 vult.
627 2421 767 2491 Faciunt
786 2448 861 2491 curn
886 2448 927 2492 eo
948 2422 1104 2498 Heinfius
1119 2451 1164 2500 ex

187 2516 265 2586 Mis.
281 2517 373 2586 Leid.
390 2513 461 2603 4¹&
479 2512 591 2583 Bentl.
611 2538 654 2582 ex
674 2514 750 2582 suis.

225 2683 228 2696 ¹
235 2635 310 2701 pag.
336 2632 386 2700 33.
407 2608 661 2691 lin.12.desmder.
677 2604 730 2673 Sic
749 2604 841 2673 Don.
862 2569 972 2700 legit,
993 2614 1025 2679 &
1040 2607 1165 2685 Erasm.

189 2698 321 2771 Dacier.
338 2696 497 2772 Wesierh.
514 2694 623 2767 Bentl.
640 2722 682 2785 err
697 2697 761 2766 suis
789 2695 898 2766 Codd.
915 2696 979 2768 Sed
995 2701 1098 2794 Eugr.
1114 2715 1166 2771 de-

184 2798 322 2880 fraudan-
334 2800 366 2861 &
379 2790 420 2860 fic
440 2789 490 2861 ed.
505 2788 611 2857 nostra
625 2811 690 2859 vet.
713 2786 827 2858 Heins
843 2788 972 2860 Miller.
993 2793 1165 2868 dederunt.

236 2910 311 2977 pag.
335 2908 385 2975 34
400 2883 457 2951 lin.
476 2902 503 2976 5.
517 2892 619 2948 reddar.
634 2881 693 2949 Al.
708 2889 845 2963 reddatur,
862 2902 977 2951 contra
988 2903 1142 2956 metrum.

236 2981 293 3045 lin.
317 2983 346 3041 6.
366 2974 476 3044 Bentl.
499 2972 613 3041 frustra
627 2982 692 3040 Scio
707 3002 761 3039 non
777 2998 801 3039 te
815 2978 865 3061 ff
880 2980 966 3060 usion.
1287 3051 1290 3056 j

237 3094 268 3156 p.
299 3089 338 3159 35
359 3069 416 3134 lin.
433 3089 461 3157 3.
474 3093 545 3132 nunc
559 3089 593 3132 te.
608 3064 719 3134 Bentl.
735 3064 775 3133 ad
787 3088 897 3135 aurem
913 3063 1003 3136 suam
1018 3069 1169 3162 transpo-

192 3162 243 3227 nit
261 3185 287 3224 ιι
301 3186 380 3225 nunc.
404 3157 469 3227 Sed
483 3158 576 3316 vulp.
590 3160 733 3245 re'ciior3
750 3164 782 3224 δι
799 3161 849 3228 vis
875 3155 921 3227 est
937 3165 1112 3250 praecipua
1132 3170 1168 3236 in

187 3261 223 3323 ’10
237 3252 401 3319 nunc--cui
415 3249 531 3341 respon
556 3271 590 3318 et
607 3261 635 3323 '10
652 3277 800 3337 nunquam.

242 3341 298 3410 lin.
337 3394 343 3410 .
359 3350 438 3410 atros.
454 3340 564 3412 Bentl.
582 3343 694 3429 inepte
710 3344 808 3433 fingit
822 3347 917 3422 alian
932 3363 1112 3431 provocans
1128 3343 1170 3416 ad

193 3435 300 3503 Andr.
312 3366 347 3545 i,
361 3458 374 3502 r
389 3485 399 3510 ‚
415 3458 466 3527 3¹·
485 3429 552 3504 Sed
567 3433 657 3522 quod
671 3435 812 3503 alterum
827 3435 940 3503 iaudat
955 3434 1061 3503 Andr.
1076 3435 1111 3520 1,
1130 3463 1168 3525 r,

195 3526 769 3708 951igs’gffossffi‘ffilffisttimus
783 3614 935 3687 absonam
950 3620 1141 3690 varietatem
1156 3646 1168 3693 :

197 3716 299 3775 homini
312 3717 441 3775 neminem
461 3709 483 3775 l.
501 3714 638 3775 hominum
654 3716 783 3772 neminem
799 3710 847 3788 1.(
863 3714 911 3778 uti
926 3711 1031 3781 nostra
1044 3727 1170 3800 yetus)

197 3808 329 3867 honorem
346 3806 474 3866 neminem
487 3807 547 3868 &o
562 3796 724 3865 Nostrum
739 3822 874 3888 quoque
894 3803 1014 3892 legunt
1030 3801 1121 3874 Don.
1136 3815 1170 3875 δι

197 3890 302 3985 Eugt.
327 3891 367 3960 cf.
391 3891 477 3959 Eun.
499 3889 546 3958 ill
556 3939 567 3970 ,
585 3914 621 3983 5,
640 3912 667 3955 1.
683 3889 815 3958 Phorm.
832 3891 882 3960 lv
892 3942 902 3974 ‚
922 3918 964 3968 2,
983 3915 1010 3960 r.

244 3987 300 4053 lin.
316 4007 361 4052 12.
383 3990 470 4050 ellum.
487 3981 579 4051 Don.
595 3982 677 4050 alios
697 3984 796 4051 tradit
808 3984 838 4052 b.
848 3984 870 4051 Ι.
885 3985 919 4053 id
933 3989 1171 4080 interrogative

198 4076 313 4170 legere
329 4082 436 4143 ellum?
870 4127 875 4136 -

247 4173 304 4238 lin.
323 4192 374 4261 13.
387 4176 467 4236 Illius
482 4195 563 4258 opera
576 4193 648 4234 nunt
666 4174 743 4233 nivo.
757 4164 817 4234 Al.
830 4165 861 4234 h.
875 4165 898 4234 l.
915 4165 1059 4238 inserunt
1076 4177 1146 4257 Syre
1155 4199 1170 4254 ,⁰

200 4258 310 4330 Bentl.
325 4267 419 4351 ponit
432 4264 502 4350 post
516 4289 596 4328 nunc·
613 4260 734 4327 Nostra
748 4279 845 4328 vetus
858 4256 932 4346 post
945 4269 1032 4336 vivo,
1045 4272 1113 4348 Syre
1122 4311 1134 4354 ³.
1143 4291 1171 4335 o.

195 4356 260 4438 fic.
277 4353 350 4423 Hac
370 4354 584 4423 inconstantia
600 4355 684 4422 moti
700 4351 838 4422 facimus
853 4352 995 4506 curnAed.
1008 4372 1103 4427 anon.
1118 4382 1168 4445 ap.

961 4467 977 4507 ί
994 4469 1011 4506 2
