2809 5234
763 974 1679 1058 'EUNUCHU8.
2072 994 2201 1080 153

302 1138 376 1222 c,
429 1145 675 1222 Viden’
717 1164 796 1220 tu
835 1122 1021 1220 mutu
1051 1199 1074 1235 ,
1100 1143 1311 1216 Thais
1347 1149 1420 1214 =.>
1467 1146 1545 1215 P.
1583 1141 1699 1215 ubi
1726 1137 1838 1214 fita
1863 1139 2002 1215 est?
2042 1146 2120 1214 T.
2145 1142 2216 1217 in

243 1291 252 1299 '
635 1270 827 1371 risco.
869 1268 1135 1357 odiosa,
1163 1267 1411 1343 ceffas?

306 1401 384 1470 C.
407 1394 697 1470 Militem
719 1393 940 1468 secum
971 1394 1056 1465 'ad
1081 1392 1150 1466 te
1173 1382 1445 1490 quantas
1471 1391 1701 1490 copias
1734 1404 1764 1437 ²
1791 1389 2170 1464 adducere?

304 1525 391 1592 At
431 1537 518 1593 at.
556 1522 631 1593 T.
667 1544 824 1590 num
869 1515 1337 1592 formidolosus
1376 1514 1660 1589 obsecro
1686 1539 1756 1589 es
1776 1567 1802 1604 ‚
1835 1514 1930 1587 mi
1965 1515 2224 1587 homo?

649 1645 728 1714 C.·
747 1666 952 1739 apage
981 1639 1082 1715 fis.

304 1767 523 1866 Egon'
572 1765 1099 1840 formidolosus?
1154 1788 1357 1840 nemo
1394 1762 1486 1837 est
1527 1761 1924 1853 hominum,
1954 1763 2072 1861 qui
2111 1761 2220 1838 vi·-

637 1907 797 1979 vat·,
838 1888 1058 1972 minus
1090 1903 1142 1962 3.
1809 1902 1817 1910 '

313 2019 389 2087 Τ.
437 2018 659 2112 Atque
697 2013 788 2086 ita
828 2012 990 2112 opu’
1014 2011 1127 2086 est.
1170 2017 1240 2085 C.
1276 2012 1357 2089 ah
1380 2063 1401 2096 ,
1427 2027 1700 2099 metue,
1727 2009 1984 2109 quaiem
2013 2033 2085 2083 tu
2114 2034 2226 2082 me

638 2137 771 2213 effe
815 2137 1157 2211 hominem
1202 2134 1575 2210 existumem
2131 2161 2223 2210 20

305 2266 377 2338 T.
403 2267 622 2336 Immo
648 2261 780 2335 hoc
810 2259 1137 2359 cogitato:
1171 2259 1444 2359 quicum
1484 2282 1586 2331 res
1613 2257 1734 2331 tibi
1768 2256 1862 2332 est
1878 2313 1901 2350 ‚
1927 2261 2223 2359 peregri-

633 2410 759 2458 nus
791 2400 822 2447 4
866 2385 958 2457 est
982 2439 1005 2473 ,

297 2511 526 2584 Minus
565 2529 808 2606 potens
843 2522 863 2569 5
895 2533 1094 2607 quam
1132 2524 1205 2581 tu
1233 2561 1255 2598 ,
1285 2508 1504 2581 minus
1543 2526 1781 2599 notu8‚
1813 2509 2031 2582 minus
2059 2508 2224 2581 ami-

323 2698 328 2703 .
634 2653 870 2703 corum
903 2631 1012 2704 hic
1048 2631 1311 2705 habens.
2290 2608 2295 2613 .

304 2757 377 2826 C.
423 2752 582 2827 Scio
620 2751 830 2825 istuc:
882 2754 987 2825 sed
1039 2774 1110 2826 tu
1157 2756 1341 2853 quod
1383 2779 1624 2832 cavere
1674 2755 1917 2854 poffis,
1954 2757 2220 2845 stultum

593 2968 599 2976 ι
638 2872 984 2949 admittere
1035 2875 1149 2952 est.
1257 2974 1262 2981 ι

298 3004 483 3081 Malo
529 3026 661 3103 ego
716 3026 841 3076 nos
890 3001 1269 3100 prospicere
1296 3057 1318 3091 ,
1358 3028 1553 3103 quam
1598 3002 1780 3078 hunc
1831 3005 2056 3079 ulcisci
2106 3030 2221 3081 ac-

638 3146 827 3225 cepta
867 3126 1126 3200 iniuria.

296 3256 408 3327 Tu
435 3234 542 3326 ab'i
564 3299 589 3337 ,
624 3271 821 3351 atque
844 3224 1088 3324 ostium
1132 3251 1363 3326 obsera
1401 3252 1576 3325 intus
1609 3250 1640 3298 ⁶
1667 3306 1688 3341 ,
1713 3251 1874 3324 dum
1900 3276 2029 3351 ego
2061 3254 2221 3328 hinc

637 3373 1006 3448 transcurro
1047 3378 1131 3449 ad
1181 3376 1456 3450 forum:
2131 3405 2215 3480 25

297 3498 485 3576 Volo
525 3524 659 3601 ego
712 3499 923 3575 adeffe
968 3500 1079 3576 hic
1137 3503 1508 3579 advocatos
1572 3503 1766 3578 nobis
1834 3502 1904 3577 in
1964 3505 2153 3579 turba
2183 3521 2218 3569 ⁷
2332 3584 2339 3599 ⁸

632 3626 775 3700 hac.
836 3630 915 3698 T.
964 3649 1178 3699 mane.

384 3828 409 3867 ι
447 3806 643 3891 Longe
668 3810 857 3870 videre
878 3810 1099 3869 timoris
1116 3809 1193 3870 est
1310 3833 1438 3903 gere
1469 3815 1704 3875 debebat
1732 3818 1788 3875 in
1822 3817 2041 3879 civitate
2078 3821 2212 3880 alie·

294 3901 554 3963 indicium
568 3944 588 3971 ‚
608 3904 779 3982 inquit
802 3902 1014 3963 Donat.
1312 3925 1413 3977 na3
1447 3910 1598 3988 eique
1623 3908 1740 3970 sunt
1776 3911 2032 3976 advcxsus
2064 3919 2214 3979 cives

377 4021 411 4060 2
441 3997 642 4059 Timor
677 4011 855 4079 auget.
913 3995 1022 4056 Sex
1049 4015 1197 4057 erant
1315 3999 1458 4081 ipsos
1487 4001 1728 4068 difficiles
1757 4007 1888 4072 lites.

291 4097 544 4162 homines
564 4139 587 4167 ,
626 4112 766 4176 quos
807 4090 891 4152 ine
925 4091 1058 4151 facit
1087 4111 1194 4150 co-
1403 4114 1429 4175 ς
1469 4098 1561 4158 int.
1592 4101 1813 4164 divitiis.

287 4192 420 4277 pias,
1396 4188 1435 4248 6
1489 4192 1662 4255 Metui
1694 4197 1788 4259 suo
1816 4197 2054 4279 speciem
2087 4219 2217 4278 pru-

371 4305 400 4367 3
432 4281 614 4345 Etiam
643 4280 819 4345 timidi
850 4301 963 4341 non
990 4280 1186 4343 volunt
1306 4281 1518 4348 dentiae
1547 4293 1850 4371 praetendit
1870 4315 1887 4364 ·,
1910 4311 2084 4372 eoque
2117 4294 2211 4356 dat

277 4379 463 4442 „videri
499 4377 647 4441 tales,
1201 4433 1220 4451 ,.
1306 4382 1606 4450 confilium.
1636 4386 1711 4447 cf.
1742 4387 1831 4450 Sc.
1851 4387 1923 4468 sq.
1947 4409 2005 4448 v.
2037 4410 2122 4467 14.

362 4491 403 4546 4
440 4470 751 4555 Peregrinus
790 4473 1080 4557 tranquille
1116 4495 1185 4535 a·
1387 4498 1429 4558 7
1453 4477 1538 4542 Ex
1555 4498 1706 4543 metu
1733 4499 1934 4566 augens
1953 4484 2082 4550 dicit
2101 4505 2206 4549 tur·
