2809 5234
449 876 852 951 .PHORM1m
1105 896 1176 973 ιη
1284 987 1289 1003 ⁸

225 1084 227 1094 '
327 1091 542 1163 'Acwr
592 1087 876 1163 V.SCENA
929 1090 1045 1163 Vlla

200 1314 203 1320 ·
271 1299 1106 1394 cern‚nnr1rrr0‚rrr0uuro.

212 1432 352 1606 G.O
366 1527 518 1596 fortuna
534 1519 684 1593 ²!ofors
699 1517 858 1594 fortuna!
875 1520 1012 1617 quantis
1022 1537 1177 1597 commo·
1309 1538 1312 1545 “

302 1701 306 1707 .
404 1645 590 1732 ditatibus,
668 1627 672 1634 ²
997 1636 1000 1642 ’

203 1771 323 1863 Quam
344 1767 481 1856 subito,
501 1790 582 1838 meo
607 1763 694 1837 hero
717 1787 725 1829 ³
748 1763 942 1861 Antiphoni
973 1788 1042 1862 ope
1063 1764 1177 1839 vestra

399 1884 492 1956 hunc
506 1880 672 1954 onerastis
689 1881 783 1952 diem
799 1881 838 1953 4!

204 2005 251 2082 A.
273 2007 450 2100 Quidnam
466 2007 524 2080 hic
541 2006 602 2079 fibi
618 2006 722 2081 volt?
746 2012 785 2080 G.
802 2005 934 2105 nosque
961 2006 1092 2089 amicos
1106 2004 1175 2081 eiu’

397 2127 607 2202 exonerastis
624 2126 743 2200 meru!
1210 2126 1213 2132 ’

164 2314 166 2319 ,
200 2249 267 2322 Sed
282 2273 348 2347 ego
361 2273 455 2323 nunc
476 2248 560 2320 mihi
573 2248 690 2338 cesso,
711 2249 771 2347 qui
784 2273 858 2322 non
873 2247 1059 2323 humerum
1078 2250 1173 2325 hune

397 2393 507 2441 onero
531 2370 697 2465 pallios,
781 2413 786 2423 ,

244 2575 527 2661 1Geta(inquovis
538 2577 649 2638 consilii
732 2602 817 2654 rum,
838 2602 910 2665 quae
931 2582 1004 2642 bene
1028 2584 1174 2645 eveniunt.

202 2687 262 2759 est,
287 2687 329 2747 uri
354 2687 386 2745 in
408 2685 587 2745 Phormione
606 2690 647 2746 rei

200 2779 317 2875 gestio)
330 2812 407 2866 cum,
424 2810 528 2872 auceps
544 2788 653 2849 sermo-

115 2918 135 2927 ·’
205 2893 288 2953 nibus
311 2891 410 2952 senum
432 2914 497 2952 cum
518 2892 648 2963 Phanio,

204 2998 367 3060 clanculum
393 2994 524 3072 audiffet,
552 2999 645 3058 Anti-

201 3100 314 3181 phonir
349 3119 467 3159 uxorem
501 3101 650 3160 inventam

199 3205 257 3268 effe
272 3207 361 3269 filiam
388 3208 566 3282 Chremetis,
583 3206 645 3267 lae-

203 3308 267 3374 titia
284 3334 516 3395 praeproperans
533 3314 643 3398 quaerit

200 3416 427 3499 Antiphonem,
455 3420 567 3501 gaudiis
595 3441 646 3479 cu·

201 3520 390 3595 muhndum,
420 3543 543 3606 eumque
579 3544 645 3582 cum

201 3627 379 3688 Phormione
398 3630 517 3687 invenit.
540 3629 646 3689 Narrat

199 3734 308 3791 audita.
321 3734 370 3791 sie
386 3735 457 3791 Ant.
467 3732 560 3790 subito
569 3733 648 3792 evol·

201 3836 278 3893 vitur
291 3835 375 3891 curis.
388 3833 444 3890 Sed
462 3836 543 3890 restat
558 3834 649 3894 Phae·

199 3941 275 4010 dria,
291 3948 318 3998 δι
332 3957 399 3997 cura
411 3936 445 3994 de
454 3956 573 4019 argento
586 3939 646 3997 red·

203 4047 311 4110 dendo.

244 4177 260 4212 ι
282 4153 399 4213 Fortuna
417 4173 565 4236 nunquam
583 4174 648 4235 per·

197 4279 294 4341 petuo
309 4260 385 4321 bona
398 4263 435 4341 eii
446 4280 455 4336 3
466 4260 512 4319 sed
522 4260 650 4322 laudatur

194 4360 257 4443 sors
263 4363 373 4446 fimum
380 4411 392 4441 ,
406 4368 590 4452 gubernatrix
599 4391 652 4432 ee·

731 2688 778 2748 Cf.
798 2688 872 2749 Eun.
890 2689 939 2762 V,
959 2710 1048 2763 10,4.
1062 2689 1176 2753 &Hem

733 2789 799 2862 III,
821 2810 854 2867 3,
875 2800 924 2863 46.

774 2913 788 2970 3
817 2893 878 2970 Qui
895 2893 966 2952 mihi
989 2892 1065 2952 solus
1087 2892 1174 2954 hodie
1244 2910 1250 2920 '

728 3000 769 3058 est
781 2997 882 3070 herus,
892 2999 936 3055 cui
947 2999 994 3055 uni
1005 3018 1060 3077 ego
1071 2996 1173 3058 servio.

775 3119 801 3173 4·
814 3099 888 3158 Mire
907 3116 989 3178 auget
1006 3118 1060 3176 pro
1080 3096 1127 3156 sua
1139 3120 1174 3157 ex

727 3202 1173 3283 metulaetitia.cf.PleutCapt.

731 3311 798 3385 IV,
818 3333 854 3385 1,
874 3334 901 3382 7.

772 3440 784 3494 5
804 3419 993 3500 Properanter
1006 3416 1168 3498 palliumin

727 3521 837 3583 collum
845 3523 1034 3582 coniiciebant
1044 3568 1053 3591 ,
1064 3544 1098 3581 ne
1109 3544 1170 3583 eut·

728 3629 773 3691 sus
787 3631 983 3710 impediretur.
1005 3629 1108 3691 Videri
1123 3653 1174 3697 au·

731 3757 789 3797 tem
809 3741 902 3818 potest
919 3763 1022 3799 onerare
1034 3763 1113 3800 aures
1125 3743 1175 3813 ,in

731 3841 819 3896 verbo
843 3841 896 3900 iilo
924 3843 951 3902 se
970 3849 1174 3928 circumagens.

730 3943 786 4002 Sed
810 3952 837 4003 ὃ(
853 3943 914 4026 ipse
929 3970 1004 4008 nunc
1018 3952 1048 4008 id
1062 3952 1177 4031 agendo

732 4052 841 4132 gestum
855 4061 975 4116 rotantis
985 4057 1011 4115 se
1019 4053 1177 4136 expressiffe

733 4158 861 4232 videtur,
879 4162 955 4244 quast
971 4163 1061 4219 homo
1079 4160 1175 4240 liber,

735 4264 801 4325 dum
816 4265 849 4325 ab
864 4271 944 4326 omni
957 4246 1177 4334 metuiiberest.
