2809 5234
549 810 1986 946 HEAUTONTIMORUMENos.
2136 874 2314 971 223'

365 1028 665 1116 Reieflus
723 982 1186 1130 neglegenter:
1239 1052 1371 1127 pax
1408 1025 1482 1098 ¹!
1554 1032 1722 1102 clia.
1762 1030 1936 1128 Syre
1983 1028 2119 1121 mi,
2163 1032 2291 1104 ob-

696 1155 886 1230 secro
911 1203 935 1240 ‚
2203 1182 2295 1253 50

235 1322 248 1339 ·
363 1275 468 1355 Ne
494 1304 607 1353 me
631 1277 701 1352 in
738 1278 1047 1352 laetitiam
1072 1275 1305 1351 frustra
1331 1276 1664 1352 coniicias.
1702 1281 1772 1349 S.
1813 1299 1976 1350 anus

363 1403 718 1477 Subtemen
749 1403 988 1476 nebat:
1025 1418 1361 1499 praeterea
1403 1426 1536 1473 una
1574 1400 1883 1473 ancillula

367 1530 554 1601 Erat:
589 1552 665 1601 ea
706 1527 973 1601 texebat
1018 1550 1148 1599 una
1187 1525 1421 1623 pannis
1467 1522 1720 1614 obsita,

267 1690 278 1701 -
366 1650 701 1750 Neglesta,
720 1650 1065 1723 immunda
1086 1648 1333 1722 illuvie.
1367 1652 1513 1720 Clie.
1537 1648 1582 1719 fi
1611 1650 1770 1722 haec
1792 1648 1959 1740 sunt,
1991 1649 2204 1724 Clinia
2235 1661 2297 1740 ²,

368 1776 584 1865 Vera,
610 1773 698 1848 ita
736 1774 829 1850 uti
867 1774 1111 1861 crede,
1143 1772 1296 1872 quis
1323 1791 1388 1846 te
1424 1771 1519 1844 est
1558 1771 2010 1846 fortunatior?
2206 1797 2291 1872 55

365 1896 541 1972 Scin’
565 1916 636 1971 tu
663 1899 874 1989 hanc,
901 1922 1105 2030 quam
1134 1897 1296 1970 dicit
1329 1895 1729 1970 sordidatam
1758 1916 1826 1968 et
1849 1896 2234 1971 sordidam?

368 2022 685 2122 Magnum
712 2023 845 2097 hoc
870 2020 1150 2123 quoq'ue
1174 2021 1428 2121 fignum
1452 2018 1575 2112 est,
1594 2018 1937 2095 dominam
1964 2020 2095 2099 effe
2116 2044 2301 2098 extra

699 2148 976 2222 noxiam
1001 2199 1025 2236 ,

367 2273 541 2347 Cum
583 2272 728 2347 eius
772 2294 910 2347 tam
959 2268 1401 2371 negleguntur
1446 2267 1834 2343 internuntii
1867 2283 1944 2344 3·

231 2502 238 2507 -
365 2397 538 2470 Nam
578 2395 913 2493 disciplina
952 2394 1046 2469 est
1081 2393 1326 2469 eisdem
1353 2446 1378 2486 ,
1405 2393 1812 2468 munerarier

366 2579 521 2662 quod
547 2599 652 2640 nec
675 2579 809 2649 inde
830 2578 1055 2655 abludit,
1078 2579 1140 2641 &
1158 2578 1281 2641 Au·
1399 2581 1655 2649 amantis.
1699 2579 1772 2643 Et
1816 2583 1952 2665 quid
1990 2600 2133 2669 opus
2174 2585 2305 2650 hulc

366 2672 661 2757 son.1dyll.
689 2695 758 2735 12
781 2671 1000 2736 firmare
1015 2671 1272 2750 videtur;
1391 2674 1482 2734 illa
1509 2672 1762 2751 laudare,
1789 2681 1884 2758 qui
1910 2681 2026 2740 iam
2056 2681 2176 2742 satis
2213 2682 2302 2742 ad·

373 2771 567 2828 Totum
593 2787 730 2850 opus
760 2766 858 2827 hoc
874 2766 1150 2849 sparsum,
1169 2767 1271 2826 cri·
1394 2769 1653 2844 miratur,
1676 2768 1739 2830 &
1772 2769 1925 2831 dictis
1954 2771 2094 2834 servi
2127 2775 2302 2835 laeta·-

366 2861 457 2920 ιώ
476 2862 621 2921 velut
641 2860 1003 2943 Antiphilu.
989 2884 1003 2898 ·
1019 2881 1154 2943 pax.
1172 2882 1272 2921 un·
1394 2879 1500 2923 tur.
1528 2857 1793 2925 Terentio
1816 2863 1892 2923 nil
1917 2869 2063 2945 prius
2097 2866 2306 2928 decoro
2340 2886 2353 2900 ·

365 2953 437 3017 de
469 2954 525 3016 id
554 2977 664 3018 rec.
697 2952 873 3017 Bentl.
909 2951 1103 3016 frustra
1135 2976 1276 3017 vero
1400 2955 1466 3017 &
1500 2959 1750 3018 oratione
1786 2977 1922 3036 pura
1949 2957 1990 3016 s.
2021 2957 2185 3019 casta.

366 3045 512 3109 idem
549 3065 726 3110 mutat
765 3048 1068 3132 prolixus
1053 3069 1110 3110 m
1144 3070 1274 3132 pro·
1480 3048 1900 3129 2Abrumpitin
1918 3062 2165 3130 tempore
2179 3048 2312 3113 cun·

365 3141 567 3223 miffus.
623 3142 751 3206 Nos
789 3146 1148 3224 exponimus:
1182 3144 1279 3224 qui
1398 3142 1767 3203 narrationem
1790 3141 1904 3201 de
1890 3144 2108 3222 ingenio
2129 3142 2191 3202 &
2219 3144 2310 3199 vi-

362 3234 466 3320 ipfi
488 3253 604 3298 erat
627 3233 848 3318 capillus
866 3237 1116 3311 fluitans,
1140 3236 1275 3298 mul-
1392 3252 1492 3308 ta,
1530 3235 1601 3297 de
1641 3256 1752 3318 qua
1793 3233 1919 3296 satis
1966 3233 2212 3308 dietum,
2245 3234 2308 3294 &
2436 3248 2441 3255 ·

365 3348 453 3394 tus
486 3332 785 3416 longusque
818 3333 1083 3415 capillus,
1106 3335 1154 3394 is
1174 3333 1280 3394 cir-
1398 3331 1510 3413 ipse
1538 3330 1689 3392 addit
1726 3343 2075 3393 momentum
2109 3350 2178 3389 ex
2210 3326 2312 3391 suo

366 3448 496 3488 cum
536 3443 700 3510 caput
726 3470 748 3500 ,
801 3449 834 3488 a
870 3427 1050 3489 fronte
1105 3425 1279 3511 negli·
1399 3423 1717 3508 sensu,quo
1740 3421 2028 3484 discrimen
2050 3421 2190 3482 inter
2208 3443 2311 3484 ve-

365 3537 558 3606 genter
595 3522 856 3599 τείεᾶυε,
911 3521 1008 3584 suo
1050 3523 1274 3606 ingenio
1397 3540 1522 3582 rum
1561 3517 1957 3596 honestumque
1978 3535 2226 3578 amorem
2245 3519 2312 3578 il-

367 3615 544 3678 flexus
558 3638 657 3698 per
676 3616 938 3678 humeros
966 3614 1074 3677 sese
1096 3612 1278 3678 effun—
1401 3614 1504 3678 lius
1548 3614 1612 3678 &
1656 3611 1810 3673 suum
1848 3609 2058 3672 malum
2088 3611 2312 3676 clande-

365 3708 499 3769 dere
529 3708 837 3767 videbatur.
1405 3705 1612 3768 stinum
1644 3704 1908 3785 intelligit.

457 3820 484 3858 ι
508 3799 648 3857 Non
672 3798 888 3876 longius
916 3796 1121 3856 audens
1147 3815 1281 3876 pro·
1473 3818 1502 3879 3
1522 3795 1719 3860 Gloffa
1741 3795 2020 3857 Bembini:
2040 3794 2316 3859 internun·

372 3889 576 3974 gredi
560 3908 619 3947 m
648 3886 1050 3968 pulchritudine
1086 3887 1292 3948 descn‘-
1413 3891 1522 3950 rios
1545 3913 1647 3973 pro
1660 3891 1837 3975 servis
1851 3892 2063 3975 posuit,
2078 3895 2315 3976 fidfin·

372 3982 555 4046 benda
571 4027 595 4055 ,
629 3978 899 4043 silentium
935 3978 1036 4041 fibi
1068 3980 1279 4043 indicit.
1405 3985 1578 4045 tentia
1590 3986 1718 4047 haec
1734 3988 1816 4048 ita
1830 3989 1931 4070 est:
1957 3988 2049 4069 qui
2082 4008 2190 4048 non
2229 4010 2318 4046 ne-

369 4074 432 4140 N
433 4098 500 4138 ec
543 4072 776 4136 decebat
817 4070 1035 4136 servum
1052 4118 1075 4147 ‚
1105 4093 1276 4157 porro
1398 4077 1728 4161 glegerentur
1744 4128 1766 4155 ,
1774 4085 1833 4162 fi
1843 4080 1997 4163 effint
2035 4083 2314 4141 inter-rmn-

372 4168 557 4232 verbis
572 4164 830 4252 exsequi,
857 4188 998 4251 quae
1033 4167 1274 4229 viderat.
1403 4171 1470 4232 tii
1492 4174 1598 4236 int.
1621 4190 1964 4247 amatorum3
1985 4170 2058 4234 cf.
2077 4170 2216 4234 Eun.
2237 4169 2317 4248 11,

373 4265 504 4329 Hoc
529 4266 713 4347 potius
739 4262 801 4326 sit
832 4263 1098 4349 elegantis
1118 4263 1285 4324 alicu-
1408 4266 1597 4350 2,·56.
1619 4262 1794 4330 Plaut.
1813 4262 1975 4326 Afin.
2009 4262 2077 4339 1,
2117 4283 2186 4344 3,
2219 4285 2312 4347 30.

367 4359 456 4421 ius
511 4356 819 4422 formarum
870 4357 1187 4442 speetatoris
1244 4355 1286 4421 l.
1400 4355 1526 4420 Mil.
1560 4355 1648 4420 lv
1674 4403 1696 4433 ,
1727 4375 1914 4433 x,4o.

2396 4676 2568 4810 Ι
