2809 5234
954 889 1719 1003 ΡΗοκΜῐα

2203 933 2350 1025 ²47

413 1090 777 1201 Demipho
816 1109 879 1183 ¹,
911 1108 983 1165 te
1015 1088 1293 1189 appello
1324 1115 1343 1162 ε
1374 1095 1534 1161 ham
1565 1110 1676 1159 me
1704 1109 1865 1159 cum
1887 1084 2029 1161 hoc
2060 1085 2183 1183 pol
2208 1084 2367 1205 dis-¹

796 1217 1030 1290 taedet
1082 1214 1304 1313 loqui.

417 1341 723 1416 Haecine
738 1358 933 1413 erant
948 1341 1203 1413 itiones
1221 1336 1501 1412 crebrae
1520 1389 1545 1426 ,
1561 1353 1629 1408 et
1647 1334 2028 1408 mansiones
2046 1333 2354 1408 diutinae

418 1463 711 1537 Lemni?
747 1464 1071 1546 haeccine
1102 1479 1248 1535 erat
1279 1486 1360 1533 ea
1381 1515 1401 1547 ,
1444 1485 1622 1558 quae
1657 1457 1931 1533 nostros
1959 1456 2213 1532 frustus
2239 1457 2355 1533 mi-

812 1586 1067 1660 nuebat
1089 1640 1113 1676 ,
1152 1585 1384 1660 vilitas
1421 1600 1447 1632 ²
1477 1584 1505 1655 ἓ
1958 1661 1963 1664 ,

422 1712 528 1783 D.
558 1713 707 1810 Ego
748 1729 818 1804 ³,
846 1711 1259 1786 Nausistrata
1280 1766 1302 1802 ,
1337 1709 1471 1784 effe
1499 1709 1573 1782 in
1595 1709 1724 1785 hac
1745 1734 1820 1783 re
1844 1708 2117 1806 culpam
2149 1706 2385 1799 mei-L,

839 1854 988 1908 tum
1016 1889 1040 1925 ‚
1079 1860 1221 1908 non
1258 1858 1441 1932 nego
1475 1861 1494 1907 t
2126 1846 2134 1852 ”
2264 1850 2349 1926 25

422 1955 560 2028 Sed
592 1936 649 2049 4,
688 1980 767 2029 ea
790 1956 958 2054 quin
980 1956 1063 2028 fit
1083 1954 1574 2055 ignoscenda...
1621 1959 1711 2031 P.
1726 1952 1944 2031 verba
1965 1934 2143 2026 siunt
2169 1975 2362 2036 mor-e

824 2095 955 2152 tuo
994 2097 1048 2152 ς.

503 2357 533 2399 1
589 2339 709 2400 Iam
773 2340 979 2403 faciem
1023 2344 1226 2405 avertit
1273 2365 1309 2404 a

426 2446 555 2504 viro
585 2446 653 2504 ad
671 2447 842 2506 Dem.
860 2445 1046 2506 Simul
1070 2467 1199 2507 cum
1215 2469 1316 2507 vo-

428 2570 493 2610 ce
525 2552 692 2610 vertit
745 2570 986 2611 metrum
1014 2574 1050 2613 a
1081 2549 1315 2614 senariis

429 2658 501 2720 ad
533 2658 726 2719 trech.
757 2661 873 2721 oft.
917 2681 1023 2721 cat.

515 2787 546 2823 2
598 2764 713 2825 Int.
752 2786 986 2842 rerum3
1032 2764 1107 2829 cf.
1144 2764 1312 2849 supra

428 2869 529 2943 Y,
570 2895 601 2930 2
632 2917 649 2946 ,
694 2876 747 2934 8.

517 3001 545 3057 3
586 2978 762 3041 Nunc
792 2979 1020 3040 demum
1041 2982 1312 3043 invitatus

432 3082 621 3168 (quasi
647 3084 1048 3147 reconciliator
1076 3085 1317 3150 futurus.

428 3193 511 3250 est
539 3192 696 3250 enim
726 3190 894 3252 frater
910 3194 1133 3274 mariti)
1154 3195 1323 3255 audet

434 3298 760 3379 deprecari3
797 3302 925 3380 post
964 3303 1191 3361 veniam
1225 3321 1321 3363 cu-

433 3407 603 3485 piens
652 3403 845 3467 ulcisci
892 3407 1313 3470 Phormionem

434 3511 536 3574 suo
571 3515 769 3575 modo.

513 3643 553 3691 4
581 3619 732 3698 Sed(
768 3637 960 3698 repete
1009 3622 1211 3704 nego),
1252 3644 1316 3681 ea

431 3724 560 3804 quin
577 3727 658 3801 sit
681 3725 788 3805 ign.
815 3723 874 3782 h.
906 3745 957 3782 e.
998 3744 1124 3783 eam
1164 3717 1275 3782 esse
1299 3767 1317 3794 ,

436 3846 583 3908 quac
627 3849 749 3885 non
795 3828 856 3886 fit
900 3831 1023 3909 ign.
1063 3828 1135 3887 cf.
1183 3827 1315 3888 Cic.

438 3930 611 3992 Verr.
673 3930 760 3992 IV
792 3976 814 4002 ,
878 3953 901 3991 1
966 3953 1097 4013 nego
1162 3934 1327 3992 ullam

433 4063 686 4127 gemmam
701 4059 796 4101 aue
809 4042 1138 4122 margaritam
1144 4037 1325 4119 suff,

437 4153 567 4232 quin
629 4149 842 4232 (quam
883 4146 1044 4227 non)
1096 4147 1330 4227 quaesie-

439 4256 510 4314 rit
544 4264 650 4315 &a
686 4251 826 4314 Alia
855 4249 1129 4333 exempla,
1166 4248 1326 4315 affert

431 4357 602 4419 ficu.
630 4356 850 4435 XVII,
921 4369 987 4437 *3
1038 4377 1106 4426 ex
1137 4358 1328 4442 origg.

445 4464 575 4526 Cat.
1003 4508 1008 4513 -

1559 2362 1587 2418 5
1656 2342 1864 2405 Irridet
1914 2347 2142 2433 utrique
2199 2345 2317 2408 seni
2345 2390 2365 2419 ,

1480 2445 1684 2521 alteri,
1712 2471 1885 2535 quem
1926 2448 2093 2532 supra
2129 2451 2264 2510 dicit
2297 2449 2369 2508 ti·

1480 2577 1645 2615 more
1687 2555 1965 2629 delirum,
2006 2577 2159 2616 nunc
2200 2576 2370 2615 mor-

1480 2681 1678 2735 tuum,
1714 2685 1850 2722 mox
1899 2660 2213 2745 sepultum,
2261 2662 2371 2742 (ut

1474 2767 1596 2849 ipse
1640 2768 1787 2831 Chr.
1840 2766 1912 2830 sc.
1966 2768 2251 2850 superiori
2291 2771 2367 2842 48

1428 2918 1435 2925 -
1478 2874 1854 2937 extimescens
1900 2877 2089 2959 inquit
2131 2876 2280 2948 hem,
2317 2895 2372 2934 v.

1478 3006 1555 3058 49
1583 2984 1756 3044 nullus
1778 2984 1932 3064 fiam,
1958 3005 2011 3042 v.
2043 3003 2115 3056 50
2132 2983 2373 3063 sepultus

1469 3091 1628 3172 sum)
1650 3134 1668 3161 ,
1697 3089 1858 3150 alteri
1892 3088 2173 3148 defensori
2198 3099 2249 3147 &
2271 3089 2373 3147 de-

1489 3198 1810 3277 precatori,
1842 3195 1939 3277 qui
1975 3213 2260 3252 mortuum
2300 3190 2374 3251 ad

1486 3303 1662 3363 vitam
1709 3320 1973 3360 revocare
2012 3299 2220 3379 cupiat.
2250 3300 2375 3358 Na-

1488 3428 1601 3470 tum
1621 3455 1637 3481 ‚
1679 3408 1868 3489 inquit
1899 3402 2162 3465 Erasmus
2182 3451 2198 3478 ‚
2240 3408 2377 3464 ada-

1483 3516 1632 3600 gium
1667 3538 1703 3574 a
1734 3511 2090 3593 consuetudine
2112 3526 2337 3567 veterum
2353 3552 2374 3581 ,

1481 3619 1600 3679 vita
1644 3613 1905 3693 defimblos
1954 3629 2031 3670 ter
2064 3633 2187 3670 voce
2232 3611 2379 3669 cien-

1486 3722 1618 3782 tium
1642 3763 1660 3792 ‚
1686 3720 1822 3777 unde
1847 3716 1901 3777 6»
1919 3712 2266 3775 conclamari
2291 3714 2378 3770 di·
2423 3706 2430 3729 ¹

1494 3832 1740 3890 cebantur
1761 3851 1778 3887 .·
1800 3846 2070 3907 praeterea
2098 3827 2153 3885 in
2169 3825 2379 3905 pompis

1478 3932 1817 4012 ficneralihus
1880 3936 2045 3994 multa
2099 3933 2387 4012 deplorata·-

1491 4044 1624 4102 tium
1652 4063 1771 4124 erga
1803 4062 2074 4103 mortuum.
2113 4039 2374 4101 Concla-

1495 4149 1676 4206 matio
1696 4148 2131 4208 continuabatur
2148 4190 2164 4217 ‚
2186 4143 2379 4227 quoad

1493 4274 1658 4312 nono
1694 4253 1785 4314 die
1812 4251 2186 4335 sepelirentur
2218 4272 2379 4309 mor-

1495 4357 1598 4417 tui.
1686 4356 1847 4418 Hinc
1902 4351 2096 4415 iocose
2149 4352 2378 4416 Plautus

1492 4464 1702 4531 Bacch.
1737 4466 1828 4527 III
1846 4512 1865 4542 ,
1889 4488 1996 4639 4ῤ
2009 4487 2039 4523 2
2058 4485 2080 4524 1
2119 4463 2268 4550 apud
2276 4462 2381 4543 fi*

2032 4571 2082 4632 4
