2809 5234
1054 942 1120 1021 Α
1166 942 1237 1016 N
1288 938 1364 1015 D
1411 937 1475 1013 R
1521 939 1556 1010 1
1599 941 1692 1010 A.
2253 964 2347 1039 73

602 1129 682 1206 Ἇ
731 1134 782 1204 C
833 1133 898 1203 T
946 1134 1029 1203 U
1068 1136 1124 1201 S
1227 1133 1312 1202 V.
1411 1131 1466 1196 S
1515 1127 1577 1197 C
1613 1129 1681 1197 E
1730 1127 1813 1197 N
1846 1129 1975 1197 A
2023 1130 2071 1196 I
2093 1131 2181 1201 V.

487 1313 832 1402 CRITO,
868 1310 1347 1392 CHREMES,
1397 1308 1676 1397 SIMO,
1719 1306 2251 1381 PAMPHILUS.

410 1445 754 1671 CnM
780 1547 906 1619 ltte
934 1555 1187 1617 orare¹
1192 1565 1383 1618 .una
1410 1539 1648 1622 harum
1676 1536 1956 1640 quaevis
1981 1539 2171 1615 causa
2198 1564 2308 1615 me
2325 1592 2352 1634 ,

752 1684 826 1748 ut
850 1666 1142 1752 faciam,
1172 1683 1409 1745 monet
1437 1719 1462 1756 ,

407 1794 542 1868 Vel
571 1813 689 1885 tu,
729 1793 841 1865 vel
886 1790 1074 1890 quod
1095 1815 1333 1867 verum
1371 1789 1523 1878 est,
1568 1788 1681 1866 vel
1706 1771 1894 1891 quod
1932 1786 2055 1885 ipfi
2081 1785 2288 1884 cupio
2318 1798 2350 1835 ²

753 1916 1105 2016 Glycerio.

420 2045 541 2115 Cla.
575 2056 603 2107 3
637 2043 965 2115 Andrium
991 2063 1121 2150 ego
1154 2038 1510 2112 Critonem
1531 2036 1801 2114 video?
1847 2055 1918 2119 et
1944 2053 2127 2113 certe
2159 2034 2215 2115 is
2240 2033 2356 2112 est.

752 2166 969 2238 salvos
1018 2165 1097 2238 fis
1117 2219 1142 2252 ‚
1178 2164 1401 2237 Crito.

414 2287 609 2379 Quid
635 2305 709 2361 tu
736 2285 1031 2359 Athenas
1058 2282 1393 2366 insolens?
1430 2286 1534 2365 Cr.
1557 2281 1806 2362 evenit.
1834 2281 1950 2357 sed
1977 2280 2238 2364 hiccine
2263 2279 2359 2354 est

757 2407 948 2478 Simo
975 2405 1005 2478 ἓ

424 2527 541 2598 Ch.
585 2524 718 2596 Hic
761 2521 874 2594 est.
921 2530 999 2596 S.
1047 2525 1229 2599 men'
1272 2527 1590 2624 quaeris?
1631 2528 1810 2620 eho,
1849 2544 1924 2602 tu
1960 2523 2359 2627 Glycerium

763 2645 921 2717 hinc
969 2648 1193 2719 civem
1237 2648 1371 2722 effe
1413 2649 1560 2725 ais?
2156 2696 2164 2719 .·
2317 2673 2355 2746 ς

424 2775 527 2847 Cr.
568 2771 686 2845 Tu
728 2769 976 2866 negas?
1025 2775 1101 2842 S.
1140 2771 1313 2844 itane
1350 2771 1486 2850 huc
1520 2793 1552 2838 4
1591 2795 1849 2875 paratus
1886 2774 2216 2853 advenis?
2258 2776 2365 2847 Cr.

774 2920 905 2994 qua
947 2895 1032 2967 de
1076 2901 1198 2968 re?
1246 2903 1321 2967 S.
1363 2902 1613 2996 rogas?

418 3029 621 3108 Tune
661 3022 936 3121 impune
981 3022 1148 3098 haec
1191 3021 1429 3099 facias?
1456 3043 1612 3100 tune
1637 3025 1747 3105 hic
1775 3025 2081 3104 homines
2108 3025 2368 3109 adoles-,
2459 3100 2465 3106 ,

769 3148 1074 3224 centulos
1096 3202 1120 3237 ,

423 3273 775 3373 Imperitos
813 3298 1035 3348 rerum
1055 3328 1079 3364 ,
1109 3275 1382 3349 edustos
1419 3274 1670 3366 libere,
1695 3275 1765 3371 in
1801 3274 2100 3349 fraudem
2126 3274 2371 3350 inicis?

510 3545 535 3585 1
561 3520 852 3606 Pamphilo
876 3524 1028 3586 dicit.
1051 3523 1106 3585 Is
1128 3541 1314 3586 autem

431 3615 651 3700 fingitur
674 3663 693 3691 ‚
726 3641 759 3677 a
796 3635 949 3699 patre
990 3619 1119 3679 data
1159 3622 1324 3680 venia

430 3709 725 3770 arcessendi
760 3709 1038 3783 Critoni3‚
1066 3711 1210 3769 hunc
1245 3733 1321 3771 o-

434 3800 569 3860 rass'e
587 3847 606 3876 ,
641 3820 701 3861 ut
733 3823 877 3882 quae
912 3801 985 3860 ad
1018 3800 1191 3881 Glyc.
1223 3822 1319 3884 ag-

432 3893 696 3952 nitionem
745 3894 1070 3972 pertinerent
1089 3936 1110 3961 ,
1149 3893 1325 3953 confi-

436 3985 626 4044 denter
680 3982 987 4045 edissereret
1033 3984 1180 4064 apud
1229 4007 1328 4066 pa-

442 4097 602 4140 trem.

510 4197 543 4236 2
572 4177 665 4242 int.
680 4176 834 4238 'bene
854 4198 871 4251 3
894 4172 1044 4257 quod
1073 4172 1329 4237 usitatum

437 4272 536 4336 est.

442 4444 453 4451 ι
536 4387 563 4451 3
621 4367 720 4430 Al.
761 4365 833 4436 fic
885 4366 1155 4430 ordinant.
1216 4367 1327 4432 Ch.

441 4461 709 4524 Andrium
730 4480 1011 4544 ego-certe
1032 4462 1084 4522 is
1118 4464 1201 4547 est.
1228 4462 1329 4527 Cr.

1478 3525 1682 3588 Salvos
1690 3528 1796 3606 fis,
1829 3524 2052 3586 Chreme.
2077 3522 2188 3588 Ch.
2219 3523 2377 3603 Quid

1484 3639 1544 3680 tu
1596 3621 1710 3683 &c.
1784 3618 1934 3679 Male
1988 3621 2208 3681 videtur
2271 3642 2375 3681 or-

1481 3731 1605 3774 tum
1659 3734 1728 3772 ex
1789 3712 2003 3792 integris
2059 3713 2377 3773 nominibus
2482 3706 2485 3709 ¹

1483 3805 1913 3887 colloquentium
1984 3802 2241 3887 expreffis
2315 3806 2376 3864 in

1487 3895 1654 3956 MSS.
1711 3895 1928 3959 Notum
1965 3915 2150 3960 autem
2196 3898 2379 3960 Chre-

1489 3993 1620 4050 meti
1653 3989 1852 4052 inducit
1889 3990 2176 4056 Critonem
2228 4006 2375 4071 poe·-

1496 4097 1553 4140 ta
1582 4128 1601 4158 ‚
1653 4103 1951 4164 properans
1991 4085 2062 4143 ad
2103 4080 2371 4144 catastro-

1488 4180 1652 4261 phen.

1514 4346 1527 4361 .
1587 4296 1626 4348 4
1663 4278 1760 4337 int.
1801 4275 2071 4349 Athenis,
2116 4272 2213 4336 ubi
2249 4271 2380 4337 falsa

1491 4368 1854 4436 vindicantur.
