2809 5234
2369 762 2375 770 o

902 892 1782 1034 ennoean&
2185 930 2341 1057 ηρ

396 1120 711 1197 Demissis
755 1122 1049 1196 humeris
1074 1120 1241 1210 effe,
1267 1121 1496 1194 νίηξὶο
1537 1121 1804 1218 pectore
1824 1103 1956 1210 ‚*ut
1983 1119 2265 1219 gracilae
2304 1133 2327 1171 ¹

486 1263 493 1272 ·
700 1246 883 1320 fient.

397 1375 465 1448 Si
504 1397 639 1473 qua
681 1370 775 1446 est
820 1371 1114 1445 habitior
1152 1367 1357 1468 paulo
1377 1425 1403 1460 ,
1439 1368 1733 1468 pugilem
1779 1367 1913 1444 effe
1954 1368 2182 1444 aiuntx
2220 1368 2344 1448 de-
2440 1422 2448 1430 ·

700 1499 955 1570 ducunt
1000 1497 1272 1568 cibum:
2137 1488 2143 1500 '

398 1623 693 1696 Tametsi
721 1624 900 1694 bona
924 1620 1018 1694 est
1054 1640 1282 1692 natura
1303 1672 1325 1708 ‚
1357 1620 1646 1692 reddunt
1675 1640 1979 1693 curatura
2025 1619 2291 1698 iunceas
2320 1649 2340 1698 ε

402 1752 625 1846 ltaque
662 1770 826 1844 ergo
854 1766 1157 1817 amantur
1190 1756 1241 1813 ².
1269 1747 1352 1816 P.
1382 1745 1548 1843 quid
1575 1763 1686 1816 tua
1713 1743 1958 1820 isthaec
1993 1759 2018 1810 3
2051 1746 2079 1818 Ρ
2119 1752 2185 1819 C.
2217 1775 2348 1821 no-

693 1896 780 1946 va
814 1867 1023 1968 figura
1053 1870 1214 1942 oris.
1264 1871 1347 1941 P.
1378 1865 1627 1966 papae!
2071 1885 2074 1888 ’
2246 1899 2331 1972 ²5

397 2000 466 2071 C.
511 1995 728 2069 Color
767 2021 1017 2085 verus,
1065 2017 1315 2092 corpus
1352 1991 1679 2082 solidum,
1722 2010 1791 2066 et
1830 1992 2010 2070 succi
2049 1997 2346 2095 plenum.

692 2125 776 2195 P.
818 2120 1028 2194 anni?
1086 2123 1160 2192 C.
1204 2118 1358 2188 anni
1404 2117 1711 2190 sedecim.

396 2251 476 2321 P.
513 2243 666 2318 Flos
706 2243 844 2344 ipse
876 2261 931 2318 4.
976 2250 1044 2319 C.
1088 2245 1257 2317 hanc
1294 2259 1370 2314 tu
1404 2240 1500 2314 mi
1536 2244 1650 2315 vel
1684 2241 1806 2336 vi,
1841 2245 1956 2320 vel
1985 2245 2155 2321 clam
2175 2301 2200 2339 ,
2226 2248 2344 2326 vel

685 2372 996 2467 precario

258 2522 270 2537 ·
401 2501 529 2571 Fac
572 2497 830 2570 tradas:
874 2521 1024 2569 mea
1067 2493 1231 2569 nihil
1270 2494 1475 2568 refert
1497 2550 1519 2584 ,
1558 2497 1721 2570 dum
1762 2496 1985 2594 potiar
2013 2498 2250 2573 modo.

322 2636 330 2647 ‘
405 2624 490 2694 P.
515 2620 703 2714 Quid
722 2672 745 2709 ‚
772 2620 975 2718 virgo
1006 2621 1152 2694 cuia
1181 2619 1275 2695 est
1315 2636 1334 2683 5
1364 2621 1391 2694 ?
1430 2625 1501 2693 C.
1529 2622 1755 2698 nescio
1782 2622 2020 2696 hercle.
2053 2628 2135 2698 P.
2167 2624 2349 2699 unde

279 2820 293 2836 ⁸
742 2743 877 2817 est?
911 2749 984 2820 C.
1007 2747 1419 2833 tantundem.
1452 2750 1535 2819 P.
1571 2748 1686 2820 ubi
1724 2749 2022 2823 habitat?

400 2872 467 2943 C.
507 2870 613 2943 Ne
639 2869 712 2943 id
739 2869 1035 2968 quidem.
1086 2872 1168 2941 P.
1214 2869 1329 2941 ubi
1358 2869 1637 2945 vidisti?
1687 2877 1759 2946 C.
1802 2873 1874 2945 in
1914 2874 2048 2951 via.
2091 2880 2170 2949 P.
2208 2901 2342 2975 qua

744 2995 1005 3070 ratione
1048 2993 1313 3068 amifisti
1343 2994 1373 3067 ἓ
1475 3071 1483 3079 ,
2250 3024 2344 3094 30

403 3099 578 3195 C.'1d
604 3122 917 3221 equidem
940 3120 1303 3195 adveniens
1322 3145 1589 3194 mecum
1619 3118 2068 3194 stomachabar
2093 3125 2342 3197 modo:

397 3247 547 3320 Nec
576 3271 982 3345 quemquam
1010 3245 1139 3320 effe
1169 3272 1301 3345 ego
1332 3247 1677 3321 hominem
1711 3245 2033 3337 arbitror,
2053 3248 2170 3360 ¹cui
2196 3272 2349 3329 man

749 3368 851 3468 gis
893 3369 1114 3465 bonae

496 3645 522 3688 ι
557 3621 807 3690 Gracilae
827 3626 1051 3711 antique
1069 3673 1088 3705 ‚
1115 3628 1191 3689 uti
1217 3609 1318 3696 ἰή»
1526 3642 1554 3706 3
1588 3622 1685 3689 int.
1724 3647 1796 3687 an
1822 3619 2160 3688 formosior?

401 3719 621 3782 becillus
682 3724 744 3783 &
791 3722 1068 3782 imbecillis
1110 3722 1318 3782 dicitur.
1521 3743 1561 3794 4
1585 3720 1797 3781 Aetatis
1815 3767 1835 3795 ,
1861 3723 2056 3804 dignus
2090 3740 2203 3802 quo
2226 3706 2347 3801 quis

395 3812 493 3872 Sic
524 3835 665 3873 vero
686 3815 873 3895 legunt
904 3815 1035 3874 Val.
1063 3814 1313 3888 ProbuS,
1432 3806 1642 3872 fruatur
1665 3834 1684 3884 ;
1706 3810 1776 3870 cf.
1805 3811 1931 3872 Liv.
1960 3811 2133 3887 Vlll,
2169 3810 2240 3871 28
2275 3813 2340 3871 δι

400 3902 819 3966 Grammaticus
854 3907 1048 3966 nobilis
1071 3950 1092 3980 ,
1119 3906 1316 3967 Dona·
1431 3899 1653 3966 Lucret.
1688 3903 1806 3980 IV,
1853 3925 2019 3989 1099.
2072 3903 2344 3966 Bentleius

400 4015 489 4059 tus
510 4044 532 4073 ,
586 3995 928 4078 Eugraphius
958 4042 980 4069 ,
1032 3997 1317 4079 pluresque
1433 3996 1568 4056 nihil
1596 3997 1652 4056 h.
1686 3995 1723 4055 l.
1750 3995 1880 4078 sapit
1896 4041 1919 4069 ,
1943 4001 2037 4079 qui
2059 3999 2190 4057 haec
2212 4017 2340 4057 ver-

399 4091 571 4154 MSS.
616 4092 681 4154 &
728 4091 951 4153 edidere
992 4090 1127 4153 Ald.
1185 4091 1308 4152 Par.
1427 4084 1502 4150 ba
1523 4087 1765 4150 exsulare
1789 4090 1942 4161 velit.
1962 4112 2032 4150 ne
2054 4087 2238 4151 versus
2264 4082 2346 4148 so-

400 4188 582 4252 Bentl.
643 4188 996 4270 probantque
1052 4186 1139 4247 alii
1180 4206 1312 4268 prae
1432 4183 1648 4246 narium
1677 4183 1931 4246 excedat.
2066 4170 2073 4179 ’

392 4283 641 4368 graciles.
1518 4296 1547 4361 5
1597 4278 1633 4337 i.
1671 4299 1722 4340 e.
1767 4280 1919 4339 cuius
1960 4274 2040 4338 est
2083 4272 2231 4356 filia,
2268 4295 2341 4340 an
2369 4277 2382 4305 ’“

482 4399 516 4438 2
571 4376 645 4439 Et
675 4375 751 4439 fic
790 4375 993 4439 merito
1038 4380 1308 4439 amatim.
1433 4371 1633 4434 serva?
2040 4390 2059 4410 ·

399 4469 549 4534 lton.
