2809 5234
1068 466 1074 475 ι

227 576 230 587 ι

211 762 282 834 ²42
481 743 519 817 P.
588 740 989 820 TERENTll
1068 832 1072 842 Ι

209 908 256 980 lli
275 899 481 1000 gladiatorio
500 894 616 977 animo
632 905 675 979 ad
691 931 746 979 me
763 904 923 981 affedlant
942 907 1044 982 viam
1065 931 1095 988 ¹.

212 1030 249 1103 C.
265 1036 310 1100 At
319 1051 467 1118 vereor,
487 1046 525 1101 ut
537 1028 663 1127 placari
675 1026 787 1126 pollit.
805 1032 855 1103 D.
871 1031 970 1106 bono
989 1036 1124 1114 animo
1141 1066 1207 1120 ese

208 1160 285 1256 Ego
301 1157 451 1253 redigam
465 1182 531 1230 vos
542 1159 576 1227 in
589 1156 758 1253 gratiam,
773 1155 844 1230 hoc
859 1155 990 1248 fretus,
1007 1161 1206 1263 Chreme,

206 1279 300 1350 Cum
312 1276 455 1368 emedio
471 1274 607 1347 exceffit
625 1291 651 1361 ²,
667 1276 759 1346 unde
774 1276 859 1350 haec
873 1277 1028 1375 suscepta
1048 1284 1102 1356 est
1121 1287 1205 1362 tibi.

209 1405 255 1475 P.
269 1405 363 1474 ltane
377 1398 475 1496 agitis
486 1423 621 1470 mecum
634 1401 651 1466 ?
662 1395 738 1470 satis
750 1398 860 1472 astute
875 1403 1134 1499 aggredimini:
1152 1427 1201 1507 75
1231 1412 1234 1419 '

209 1529 293 1602 Non
309 1527 424 1601 hercle
438 1532 528 1597 exte
543 1522 632 1595 illiu'
645 1549 699 1596 me
711 1522 895 1620 instigasti,
913 1527 1117 1625 Demipho.

209 1651 339 1723 Ain’tu
361 1666 370 1711 ³
385 1703 397 1738 ,
414 1646 473 1719 ubi
487 1670 575 1744 quae
590 1645 726 1720 libitum
744 1644 872 1737 fuerit,
886 1674 1030 1746 peregre
1041 1649 1203 1748 feceris,

209 1775 335 1869 Neque
353 1772 454 1844 huius
469 1770 518 1867 ¹srs
536 1770 672 1845 veritus
689 1792 706 1837 ⁴
725 1769 874 1844 feminae
894 1775 1103 1870 primatiae,

210 1896 308 1988 Quin
321 1918 420 1966 novo
431 1895 540 1967 modo
557 1894 590 1967 ei
606 1892 736 1968 faceres
750 1896 1012 1969 contumeliam.

211 2021 341 2091 Venias
361 2040 478 2093 tnunc
491 2019 789 2116 precibuslautum
806 2037 984 2116 peccatum
999 2038 1125 2093 tuum:
1146 2026 1207 2104 80

211 2145 312 2219 Hisce
335 2169 402 2243 ego
420 2143 513 2216 illam
529 2145 625 2217 dietis
640 2144 688 2247 ita
707 2143 771 2215 tibi
790 2141 961 2216 incensam
983 2144 1103 2236 dabo,

212 2270 262 2340 Ut
279 2293 322 2339 ne
337 2265 543 2364 restinguas,
559 2264 719 2339 lacrumis
733 2263 757 2336 fi
772 2263 995 2339 exstillaveris
1012 2278 1038 2339 ⁶.

211 2396 264 2463 D.
281 2391 432 2480 Malum,
449 2390 547 2489 quo'd
561 2387 614 2462 isti
634 2389 685 2480 di,
706 2390 861 2489 deaeque
886 2414 1009 2463 omnes
1029 2389 1134 2465 duint
1155 2400 1199 2471 t!

212 2515 370 2586 Tantane
400 2514 560 2588 offellum
581 2539 795 2617 quemquam
824 2512 892 2590 elle
921 2513 1102 2588 hominem
1126 2543 1194 2589 au-

412 2636 541 2711 dacia?

212 2757 296 2830 Non
311 2755 380 2830 hoc
395 2759 581 2854 publicitus
598 2757 707 2833 scelus
724 2759 805 2833 hinc
823 2757 1042 2857 deportarier
1140 2758 1192 2858 85¹

212 2881 253 2954 ln
272 2878 361 2954 solas
384 2882 521 2954 terras?
540 2887 572 2954 C.
586 2880 624 2955 in
636 2882 672 2954 id
684 2880 840 2956 re'dacl'us
853 2879 927 2955 sum
941 2880 1035 2972 loci,

260 3092 374 3156 tVelut
387 3092 661 3174 desperatimeado·
743 3095 827 3158 habet
847 3092 939 3156 Gesn.
964 3096 995 3153 in
1014 3090 1085 3155 thes.

171 3216 177 3223 “
213 3204 330 3263 cientur.
343 3199 659 3263 Aliasbreviusdicitut
785 3224 797 3275 5
816 3201 970 3284 Ellipsnle
973 3204 1001 3281 fi
1006 3224 1051 3284 ap.
1060 3203 1194 3265 nostrum

212 3315 250 3371 ad
259 3308 505 3394 aliquemaffellare.
741 3306 902 3381 sollennis,
921 3319 948 3370 dc
964 3312 991 3370 h.
1009 3309 1029 3370 l.
1050 3313 1195 3393 imperio·

242 3411 659 3503 2Etidsnlq.v.3oscrupu-
744 3412 797 3474 dus
824 3434 871 3475 aut
902 3418 1042 3477 minacius
1067 3420 1193 3489 dicitur,

212 3526 234 3587 li
264 3525 407 3584 eximendi
436 3520 657 3584 causaadlribet.
742 3542 829 3607 quant
851 3521 870 3581 sr
889 3518 1027 3583 diridet:
1057 3523 1148 3587 Nunc
1173 3529 1194 3592 li

213 3639 293 3717 Apte
304 3659 397 3696 autem
407 3638 514 3696 dilium
532 3659 547 3694 e
559 3636 640 3694 medio
652 3679 661 3709 ,
746 3635 843 3695 venius
855 3632 941 3711 mihi,
956 3653 985 3694 ut
996 3632 1073 3694 laves
1086 3656 1194 3715 pecca-

212 3760 243 3799 ut
271 3757 341 3820 quae
356 3739 563 3816 impedimento
588 3736 660 3797 iuret
747 3754 916 3811 tumtunm,
935 3735 1011 3820 quad
1025 3736 1192 3817 maculam,

213 3842 351 3908 redeundi
371 3845 401 3897 in
415 3846 543 3922 gratiam.
745 3865 802 3929 ego
819 3844 891 3905 dabo
909 3853 962 3906 &o

256 3946 514 4033 3AdChrcmern
537 3972 655 4013 convet-
698 3963 703 3970 '
783 3948 883 4011 alne.
906 3971 983 4011 totus
1003 3951 1033 4009 in
1054 3947 1191 4014 lacrimae

211 4071 289 4130 titur,
743 4058 897 4120 conversus
920 4059 1016 4119 fueris.

253 4173 403 4249 4Vetuste
424 4190 486 4231 cunr
509 4169 597 4249 genii.
612 4166 654 4225 uti
779 4183 796 4233 7
820 4162 853 4222 ln
872 4165 944 4225 itam
963 4166 1079 4223 inanem
1093 4182 1190 4224 erum-

213 4281 275 4345 cre
292 4283 328 4344 ad
345 4283 407 4342 Au.
425 4277 519 4347 Vlll,
533 4301 561 4351 4.
574 4274 656 4356 plura
738 4274 793 4353 pit.

104 4600 342 4712 ht
