2809 5234
472 859 845 981 unstrut·
1078 868 1151 1008 μ’

188 1046 305 1170 Atque
325 1066 479 1143 absurda.
499 1066 608 1165 pisces
628 1082 764 1140 ceteros
784 1089 914 1164 purga,
931 1065 1098 1143 Dromo:

187 1197 367 1292 Congrum
387 1192 486 1264 istum
502 1216 701 1268 maxumum
717 1190 752 1262 in
768 1213 858 1289 aqua
873 1184 975 1263 finito
991 1193 1109 1267 ludere

188 1314 392 1410 Tantisper:
409 1313 468 1384 ubi
484 1337 550 1409 ego
568 1313 730 1411 rediero,
744 1311 973 1385 exossabitur:
1107 1330 1147 1415 15
1248 1363 1252 1373 ι

188 1439 286 1509 Prius
304 1439 402 1509 nolo.
426 1441 477 1508 D.
499 1431 807 1531 haeccine'flagitia
821 1437 838 1507 ἲ
852 1437 892 1507 S.
909 1434 994 1507 mihi
1010 1412 1152 1535 quidem

383 1583 457 1629 non
472 1559 610 1653 placent
629 1575 665 1626 ¹:
702 1589 754 1640 a·
780 1548 785 1556 ’
815 1594 818 1608 =
1176 1548 1178 1550 ’

190 1702 234 1770 Et
252 1699 375 1775 clamor,
386 1699 496 1795 saepe.
517 1695 715 1769 salsamenta
730 1695 843 1787 haec,
865 1699 1079 1797 stephanio,

192 1843 255 1913 Fac
276 1861 491 1913 macerentur
507 1839 663 1936 pulchre.
689 1844 741 1912 D.
763 1839 798 1911 di
819 1837 971 1913 vostram
994 1840 1097 1916 fidem
1114 1840 1154 1932 {s

191 1984 318 2054 Utrum
339 1979 497 2053 studione
509 1980 548 2051 id
563 1978 626 2052 fibi
645 1979 775 2070 habet,
790 2005 834 2052 an
854 1981 947 2053 laudi
965 2000 1064 2078 putat

189 2120 275 2213 Fore
290 2173 301 2208 ,
316 2118 339 2188 st
356 2115 544 2214 perdiderit
557 2132 698 2213 gnatum
720 2117 836 2188 ⁵?vae
850 2113 975 2189 misero
987 2117 1070 2189 mihi
1076 2144 1088 2204 ;
1105 2141 1151 2192 20

190 2244 318 2328 Videre
335 2245 460 2335 videor
481 2254 549 2325 iam
565 2251 658 2324 diem
678 2251 801 2343 illum,
817 2277 897 2325 cum
917 2253 998 2328 hinc
1026 2280 1129 2354 egens

191 2397 369 2492 Profugiet
388 2396 507 2494 aliquo
526 2392 724 2466 militatum.
744 2407 777 2465 S.
796 2419 820 2466 o
839 2393 998 2486 Demea,

192 2534 279 2608 Istuc
296 2533 344 2606 est
360 2533 498 2630 sapere,
518 2559 590 2607 non
614 2536 713 2634 quod
730 2554 810 2608 ante
827 2533 932 2633 pedes
953 2537 1061 2612 modo
1084 2539 1132 2613 est

193 2672 336 2762 Videre,
355 2669 412 2743 sed
434 2671 540 2744 etiam
560 2669 643 2759 illa,
663 2693 752 2766 quae
775 2666 890 2739 futura
910 2665 1010 2762 sunt,

192 2809 390 2907 Prospicere
407 2826 434 2880 4.
458 2810 510 2880 D.
523 2807 636 2906 quid?
649 2804 752 2882 istaec
768 2805 837 2879 iam
856 2833 962 2905 penes
982 2837 1049 2889 vos
1065 2811 1155 2910 psal·
1189 2835 1190 2838 ’

386 2933 454 3008 tria
473 2929 553 3008 est?
669 2923 678 2941 ’
1109 2960 1151 3041 25

193 3235 453 3324 quaeadlautitiam
462 3239 635 3319 pertincant.
698 3325 700 3328 Ι
759 3261 772 3322 3
791 3239 872 3303 Putat
887 3238 938 3303 ille
954 3241 1129 3304 Aeschinum
1145 3262 1156 3320 ς

190 3376 193 3380 ⁸
240 3345 376 3407 1Denuo
397 3346 515 3432 quidem
535 3349 569 3408 sic
587 3348 634 3410 ase
717 3351 788 3435 quid
811 3349 829 3410 fi
849 3355 908 3412 iam
928 3345 1038 3427 scisset,
1060 3351 1154 3414 Ctesi-

189 3447 317 3512 'scntarur
328 3450 436 3534 Syrus,
451 3449 499 3512 scd
516 3462 543 3514 dt
562 3475 631 3515 mox
713 3453 822 3534 phonis
837 3453 996 3516 eausahaec
1010 3453 1071 3519 fieri
1086 3477 1153 3516 om-

191 3551 334 3616 sastidiose
349 3553 440 3617 rursus
463 3557 499 3617 ad
520 3555 632 3622 conscr-
714 3559 787 3620 nia?

192 3682 246 3720 vos
256 3707 264 3732 ,
276 3663 320 3719 his
337 3683 427 3740 porro
439 3664 579 3743 praecipit
600 3665 633 3721 in
754 3690 775 3738 4
787 3661 865 3725 Vide
873 3711 883 3739 ,
904 3687 990 3750 quam
1002 3668 1154 3729 ridendum

193 3759 335 3837 speciem,
352 3780 424 3838 quae
438 3779 533 3838 agant.
712 3763 844 3841 praebeat
857 3763 952 3822 senem
965 3764 1154 3835 sententiosus

237 3860 458 3930 ziracundiam,
478 3881 561 3941 quam
571 3859 634 3943 Syr.
716 3864 1158 3952 illecunufex,&s1mulpal·
1269 3932 1271 3937 .

190 3965 229 4036 'de
242 3967 377 4026 industria
391 3964 450 4025 ludi
463 3965 633 4026 causaauxe-
714 3972 918 4049 pandotudem
928 3977 1059 4058 decipiat.
1075 3976 1164 4057 Cap-t

194 4098 259 4152 rat,
285 4076 399 4137 tandem
431 4095 632 4155 expromat,
716 4096 760 4136 tus
784 4098 850 4136 vero
878 4102 947 4142 mox
972 4085 1083 4143 Demea
1104 4105 1156 4143 va-

138 4206 162 4217 ’·
193 4182 392 4244 maledicendo
408 4183 508 4239 cuncta
526 4201 580 4262 pro
599 4204 632 4241 a·
716 4184 758 4242 ria
775 4181 889 4245 sciscere
905 4190 983 4269 cupit
1003 4209 1036 4247 ex
1064 4190 1158 4270 Syro,
1180 4241 1181 4244 ,

195 4295 281 4374 gresti
311 4295 359 4352 suo
388 4291 637 4378 ingenioauge13
723 4313 871 4377 tamquam
890 4297 940 4378 qui
954 4315 1018 4369 cum
1032 4294 1097 4379 ipso
1114 4296 1160 4368 fc·

111 4453 114 4456 ,
196 4395 286 4480 idque
309 4396 413 4480 gaudet
434 4395 532 4479 Syrus.
591 4402 594 4410 '
723 4415 808 4459 cerer.
883 4475 920 4547 D

272 4507 282 4525 “
617 4513 619 4518 ·
961 4503 983 4549 2

1206 4557 1296 4794 ἰ
