2809 5234
206 910 254 964 ΣΙ.

209 1051 365 1144 nusquam
381 1046 636 1144 hahettsedsuis
650 1046 1093 1140 tantumperfisnisutitur.1n
1108 1053 1165 1122 hae

211 1149 370 1225 Terentius
387 1147 509 1219 delec'iat
520 1146 675 1237 facetiis:
693 1145 813 1246 prodest
831 1147 1004 1239 exemplis:
1029 1143 1063 1218 ce
1085 1150 1165 1219 vitia

209 1247 368 1316 hominum
388 1248 489 1339 partio
516 1242 716 1328 mordacius,
742 1270 836 1334 quarn
866 1247 902 1312 in
928 1245 1032 1315 ceteris
1059 1249 1167 1337 carpit.

210 1347 367 1436 Exempla
378 1367 480 1413 autern
497 1364 617 1408 morum
630 1340 751 1410 histria
763 1343 927 1434 maecipua
933 1365 1167 1434 proponuntur,

135 1483 141 1499 .
210 1444 322 1513 urbani
329 1441 472 1534 seilicet,
482 1435 636 1533 parafiti,
653 1433 686 1507 o
709 1440 865 1508 militaris.
894 1441 984 1510 Haec
1004 1443 1088 1510 edita
1107 1463 1167 1509 tet-

210 1539 289 1611 tium
307 1539 366 1640 est,
386 1533 420 1607 δ’
439 1535 662 1627 pronuntiata,
681 1535 815 1604 Terentii
837 1530 1034 1609 Eunuchus:
1059 1540 1169 1631 quippe

210 1638 276 1709 iam
293 1639 406 1709 staua
424 1635 687 1752 commendatione
706 1633 838 1719 Poetae,
858 1660 896 1703 ac
913 1637 1032 1705 meritis
1049 1637 1170 1731 ingenii

209 1736 383 1806 notioribus
392 1736 517 1824 populo.
543 1730 641 1802 Fat‘la
656 1755 757 1801 autem
772 1758 811 1801 eu
821 1734 942 1802 duabus
956 1732 1085 1802 Graecis
1103 1760 1170 1802 una

209 1833 391 1932 sssLatina.
411 1831 498 1899 Nam
509 1856 551 1898 ex
563 1832 738 1916 Eunucho,
751 1825 785 1899 o
796 1829 922 1915 Colum,
936 1830 1110 1898 Menandri
1114 1831 1171 1920 fii·

211 1932 309 2015 bulis,
319 1929 391 1998 huuc
399 1931 575 1999 Eunuchus
583 1929 773 1997 Terentiana
777 1926 894 2018 scripta
907 1927 961 2026 fi,
970 1925 1109 2023 nonstrte
1118 1931 1173 1996 cri*

211 2029 311 2111 mine,
324 2028 410 2117 quod
419 2029 518 2097 multa
531 2027 568 2096 in
580 2027 662 2095 hanc
674 2023 904 2118 translatafint
916 2051 957 2093 ere
970 2029 1078 2093 multis
1093 2026 1171 2092 Poe·

212 2123 415 2308 Zt‘sfmlsznis.
437 2127 524 2218 quod
547 2145 664 2210 toutm,
680 2149 735 2215 per
756 2122 926 2216 Prologum
942 2144 1059 2218 purgat
1082 2143 1171 2214 atque

403 2480 743 2558 ARGUMENTUM
766 2481 987 2559 EUNUCHI.

214 2676 398 2871 RApta
410 2779 562 2868 quaedum
574 2803 616 2848 eu
630 2781 744 2851 Attica
758 2782 846 2875 uirgo
863 2780 999 2866 nobilis,
1014 2803 1105 2872 atque
1116 2784 1176 2849 ad·

214 2875 538 2975 dudaejiRhodum:
560 2878 661 2969 ibique
677 2881 773 2950 matri
798 2881 934 2951 Thaidis
953 2879 1114 2948 meretricis
1134 2879 1175 2945 ah

214 2979 316 3046 amiso
338 2976 422 3044 dotto
442 2977 519 3048 data
542 2971 644 3070 tlh&
664 2980 795 3047 educata
814 2982 896 3047 uelut
905 2976 999 3062 soror
1018 3001 1083 3043 una
1106 3001 1175 3043 euru

204 3073 280 3163 filia
297 3074 424 3147 Thut'dt·
436 3078 503 3167 Set
516 3077 628 3159 Thais,
641 3073 744 3145 relide
758 3096 866 3158 matre,
880 3073 991 3142 Rhodo
1005 3099 1074 3143 curn
1086 3099 1176 3141 anta-

213 3195 275 3244 tore
286 3175 422 3266 quodam
436 3175 585 3246 Athenas
594 3173 630 3261 fe
644 3175 799 3241 eontulit:
820 3175 860 3241 ab
878 3197 969 3262 eoque
990 3173 1070 3241 heres
1089 3172 1177 3271 insli-

214 3293 285 3343 tuta
298 3294 434 3352 mortuo,
447 3297 525 3342 mox
540 3297 561 3340 a
576 3271 673 3338 milite
694 3269 850 3354 Thrasone
867 3269 1053 3362 diligebatur
1065 3270 1174 3339 nimis.

216 3370 365 3461 Quicum
380 3371 522 3441 Athenis
538 3366 694 3460 prosedus
716 3389 844 3438 matrem
867 3366 1003 3435 Thaidis
1023 3389 1177 3435 mortuam

215 3469 321 3536 Rhodi
333 3461 531 3561 comptnffit,
544 3460 577 3537 o
588 3491 657 3534 eam
670 3465 840 3558 virginem,
851 3489 945 3555 quam
960 3464 1125 3548 diximus,
1138 3467 1178 3532 ab

195 3563 372 3633 ,heredibus
396 3585 533 3634 mortuae
560 3557 823 3658 animaduertiffet
846 3586 957 3631 renum
972 3555 1027 3657 effe
1037 3557 1179 3653 propost-

215 3682 306 3731 tamt
320 3662 461 3751 quamuis
475 3663 605 3753 ignarus
618 3687 720 3729 rerum
731 3659 873 3730 omniunt
884 3706 896 3740 ‚
909 3662 982 3729 emit
995 3680 1122 3728 tamen:
1146 3652 1180 3729 G‘

216 3761 302 3828 dono
315 3778 440 3827 amatae
463 3758 581 3828 Thaidi
602 3759 690 3828 uexit
706 3759 862 3828 Athenas.
894 3760 1005 3828 Verum
1016 3754 1179 3854 postquam

217 3856 388 3926 adueniens
411 3855 538 3925 riualem
555 3849 754 3929 'Phaedriam
782 3858 870 3951 apud
891 3859 1026 3930 amitam
1051 3858 1180 3950 reperit:

217 3980 305 4046 quem
312 3980 370 4046 per
383 3954 449 4022 eius
462 3952 636 4045 ahfintiam
641 3954 704 4050 fibi
717 3958 861 4027 meretrix
873 3958 1078 4027 conciliarat:
1093 3955 1182 4049 affir-

218 4051 361 4144 mauitse
380 4077 446 4122 non
457 4074 532 4121 ante
546 4055 690 4125 daturum
700 4051 885 4150 promiffam
899 4058 1047 4148 uirginem
1059 4101 1070 4136 ,
1084 4074 1180 4140 quam

224 4150 321 4222 Thais
327 4149 425 4242 ferras
439 4154 594 4221 aernulum
602 4150 769 4247 pepuhffet.
793 4155 858 4221 Illa
875 4153 984 4243 igitur,
997 4170 1026 4216 et
1065 4165 1183 4213 amam

134 4274 136 4281 ·
219 4246 433 4333 Phaedriam,
448 4278 485 4321 cu
507 4252 619 4320 iditate
639 4272 743 4320 tamen
766 4249 986 4340 recuperandae
1003 4235 1181 4334 uirginis&

218 4345 297 4418 ciris
310 4350 453 4437 Atticae,
468 4279 506 4421 ἔ
514 4376 608 4444 quarn
621 4374 642 4417 a
660 4352 797 4439 paruula
809 4366 845 4416 ut
854 4341 990 4434 firmum
1011 4341 1181 4432 dilexerat,
