2809 5234
1022 904 1741 1044 'ADELPHfi
2237 974 2415 1068 57·

399 1131 702 1210 Tribulis
733 1128 964 1225 noster
993 1130 1022 1203 ἲ
1069 1131 1118 1202 fi
1161 1128 1315 1203 satis
1350 1152 1566 1202 cerno
1591 1183 1616 1219 ,
1649 1128 1706 1207 is
1733 1129 1964 1203 hercle
1990 1183 2014 1220 ,
2049 1129 2228 1202 vah!

397 1261 636 1338 Homo
680 1255 942 1328 amicus
986 1255 1189 1326 nobis
1238 1253 1373 1325 iam
1420 1251 1582 1324 inde
1630 1278 1670 1323 a
1725 1276 1968 1348 puero,
2019 1251 2090 1323 di
2122 1250 2333 1342 boni,

400 1401 421 1438 ¹
489 1386 636 1454 Nae
671 1379 1050 1452 illiusmodi
1105 1378 1241 1451 iam
1290 1402 1536 1475 magna
1581 1378 1793 1452 -nobis
1825 1377 2129 1452 ’civium

395 1497 688 1577 Penuria
733 1503 848 1576 est.
880 1504 1101 1577 homo
1160 1505 1446 1602 antiqua
1483 1506 1745 1578 virtute
1804 1533 1884 1579 ac
1938 1505 2095 1580 fide.

395 1625 602 1705 Haud
643 1625 786 1696 cito
825 1623 984 1696 mali
1015 1621 1184 1721 quid
1221 1644 1460 1696 ortum
1494 1650 1579 1697 ex
1616 1627 1753 1700 hoc
1791 1627 1868 1698 fit
1901 1625 2198 1722 publice.
2238 1622 2334 1696 80

395 1752 633 1841 Quam
660 1732 929 1846 gaudeo
968 1764 994 1803 ²
1019 1754 1033 1820 Ξ
1060 1748 1181 1821 ubi
1222 1751 1430 1822 etiam
1473 1752 1676 1825 huius
1716 1752 1982 1850 generis
2007 1750 2331 1849 reliquias

393 1869 673 1944 Restare
734 1872 944 1943 video
974 1925 998 1961 ,
1038 1870 1281 1944 vivere
1331 1874 1543 1943 etiam
1587 1900 1772 1946 nunc
1822 1875 2036 1945 lubet.

395 1995 743 2092 Opperiar
762 1997 1119 2107 hominem
1139 1996 1288 2084 hic,
1321 2017 1398 2069 ut
1427 1996 1712 2069 salutem
1738 2051 1760 2086 ,
1791 2016 1861 2069 et
1889 1984 2304 2095 conloquar.

516 2241 1046 2337 ACTUS
1170 2241 1363 2310 111.
1484 2240 2014 2310 scENA
2102 2241 2252 2309 Vs.

534 2452 881 2541 mimo,
945 2452 1247 2543 GETA,
1287 2452 1661 2540 DEMEA,
1703 2451 2189 2522 PAMPHILA.

397 2678 481 2744 11.
507 2585 763 2753 PRo
791 2674 863 2745 di
907 2673 1333 2750 immortales
1357 2732 1383 2765 ‚
1414 2677 1677 2750 facinus
1704 2676 2057 2774 indignum
2079 2729 2101 2767 ,
2131 2679 2340 2766 Geta,

400 2801 624 2894 Quod
662 2827 893 2875 narras
928 2799 945 2874 l
1006 2805 1093 2876 G.
1144 2803 1233 2877 fic
1264 2803 1359 2877 est
1401 2805 1675 2880 facium.
1719 2809 1815 2878 H.
1873 2832 1959 2880 ex
2004 2806 2192 2879 illan’
2232 2805 2338 2878 fa-

775 2923 986 2996 milia·
1281 2944 1286 2949 ’
1794 2964 1803 2971 -

389 3041 585 3117 Tam
635 3043 972 3119 illiberale
1026 3045 1295 3121 facinus
1352 3047 1486 3122 effe
1540 3065 1775 3127 'ortum
1809 3055 1844 3119 ¹?
1883 3078 1930 3124 o
1966 3052 2335 3127 Aeschine!

402 3164 531 3239 Pol
578 3166 763 3239 haud
799 3187 1160 3264 paternum
1203 3167 1373 3240 istuc
1411 3168 1674 3240 dedisti.
1718 3172 1822 3241 D.
1866 3166 2193 3240 videlicet

399 3287 521 3380 De
553 3288 829 3385 psaltria
860 3291 987 3364 hac
1034 3291 1303 3365 audivit
1335 3315 1353 3360 z
1390 3293 1460 3363 id
1492 3290 1594 3362 illi
1633 3276 1818 3364 nunc
1859 3289 2053 3361 dolet
2299 3306 2334 3386 5

399 3410 653 3485 Alieno
693 3439 711 3484 ε
750 3432 945 3510 pater
983 3414 1039 3488 is
1070 3434 1104 3479 4
1157 3414 1354 3488 nihili
1392 3415 1634 3513 pendit
1671 3440 1688 3485 ε
1744 3415 1860 3488 hei
1901 3412 2069 3486 mihi
2104 3411 2122 3484 l

400 3530 682 3607 Utinam
736 3535 850 3610 hic
907 3561 1128 3637 prope
1171 3538 1430 3627 adeffet
1471 3540 1726 3616 alicubi
1749 3594 1777 3632 ,
1817 3560 2028 3640 atque
2069 3539 2340 3615 audiret

771 3658 984 3733 haec!

486 3847 513 3885 x
574 3827 792 3908 Magna
844 3835 990 3891 inest
1039 3836 1101 3895 in
1158 3836 1283 3921 sqq.
1452 3841 1657 3921 Don.)
1687 3800 1856 3900 filicn'i
1889 3847 2058 3964 ami‘ci
2087 3867 2224 3928 erga
2248 3845 2341 3905 de·

397 3930 830 3993 commendatio
876 3935 983 3993 viri
1011 3938 1081 3998 ad
1121 3937 1291 4002 fidem
1455 3934 1748 4019 funistum,
1819 3969 2198 4010 maturitatem
2247 3947 2343 4008 se-

398 4040 782 4127 postulationi
830 4045 1173 4109 faciundam.
1464 4054 1599 4115 nilis
1623 4059 1931 4133 orationis,
1962 4070 2015 4121 &
2042 4057 2346 4145 accusatio·

487 4180 516 4214 2
553 4157 658 4215 in't.
704 4152 999 4238 optimum
1052 4157 1238 4217 virum
1272 4203 1289 4231 ,
1341 4162 1346 4167 '
1459 4182 1594 4220 nem
1621 4162 1742 4221 eius
1762 4187 1966 4249 ,quem
1988 4163 2210 4225 laedere
2239 4183 2344 4220 no-

299 4301 306 4311 ·
397 4284 647 4347 eumque
712 4263 959 4323 amicum
995 4308 1013 4337 ,
1076 4263 1292 4326 tamdiu
1454 4264 1526 4329 li:
1557 4264 1681 4348 ipse
1712 4266 2029 4343 accusator,
2062 4267 2345 4346 continet,

400 4391 524 4437 non
544 4366 725 4429 visum
743 4413 760 4441 ‚
791 4366 995 4429 habere
1033 4352 1287 4435 ob'vium.
1536 4395 1577 4451 4
1618 4370 1726 4437 int.
1749 4370 1962 4442 Micio.

487 4496 516 4564 3
585 4476 751 4547 Haec
821 4476 988 4544 scena
1047 4479 1295 4574 (inquit
