2809 5234
221 841 266 915 32
475 818 941 890 P.TERENT11

218 980 372 1080 Aliquam
399 980 555 1071 causam,
581 983 802 1077 quamobrem
827 981 938 1056 eiiciat
968 982 1109 1081 oppido.
1140 984 1187 1060 P.

358 1106 493 1207 „eiiciat
514 1123 520 1151 ¹
540 1112 553 1174 ?
573 1107 623 1175 D.
643 1105 722 1177 cito.
778 1084 782 1100 ⁸

162 1242 167 1258 '
216 1234 259 1306 P.
285 1229 380 1303 Cedo
406 1230 533 1328 igitur,
559 1229 640 1324 quid
664 1227 806 1317 faciam,
832 1231 961 1303 Dave?
994 1235 1045 1302 D.
1071 1232 1184 1307 dicte

386 1355 572 1426 dudurum.
594 1355 634 1423 P.
658 1353 753 1424 hem!
779 1359 830 1426 D.
851 1356 932 1452 quid
958 1357 1031 1428 est?

122 1492 147 1525 ·’
214 1484 255 1555 P.
289 1483 405 1578 Egone
433 1477 567 1549 dicam?
610 1481 661 1548 D.
685 1502 745 1549 cur
771 1503 842 1550 non
861 1477 905 1548 ²?
941 1482 982 1553 P.
1009 1506 1181 1578 nunquam

386 1600 517 1672 faciam.
544 1604 593 1673 D.
617 1628 659 1675 ne
679 1627 773 1698 nega.
1135 1629 1179 1678 to

214 1732 257 1800 Ρ.
272 1725 416 1802 Suadere
430 1725 510 1797 noli.
534 1729 585 1798 D.
603 1751 645 1797 ex
662 1752 701 1799 ea
724 1751 759 1798 re
782 1730 864 1825 quid
889 1729 962 1818 fiat,
981 1727 1070 1800 vide.

214 1856 256 1923 P.
271 1854 318 1922 Ut
329 1849 370 1919 ab
381 1848 435 1919 itla
449 1850 621 1937 excludar,
634 1853 699 1923 huc
716 1853 906 1926 concludar.
919 1857 971 1924 D.
984 1859 1053 1924 ndu
1066 1853 1111 1924 ita
1121 1851 1180 1928 est.

213 1979 348 2070 Nempe
372 1973 442 2046 hoc
464 1973 507 2047 stc
534 1974 597 2047 effe
618 1976 742 2071 opinor
762 1977 926 2049 didutum
952 1994 1103 2073 patrem:

214 2100 331 2170 Ducas
353 2099 436 2172 volo
458 2099 559 2170 hodie
586 2125 736 2173 uxorem.
760 2121 820 2189 tu,
841 2101 981 2184 ducam,
998 2099 1138 2196 inquiet.

212 2224 330 2310 Cedo,
344 2223 425 2321 quid
439 2207 583 2320 iurgabit
608 2242 718 2295 tecum
733 2277 744 2311 ‚
759 2225 813 2294 hic
837 2224 956 2294 reddes
975 2224 1109 2307 omnia,
1135 2251 1145 2294 t
1158 2247 1173 2321 ς

212 2354 310 2439 Quae
327 2373 414 2419 nunc
437 2347 509 2418 sunt
530 2366 621 2417 certa
640 2347 671 2417 ei
693 2347 853 2435 consdia,
879 2348 1003 2420 incerta
1026 2348 1178 2436 tolient,

212 2474 291 2544 Sine
313 2471 407 2564 omni
437 2470 574 2569 periclo.
597 2495 673 2540 nam
697 2469 802 2542 hocce
829 2472 916 2543 haud
940 2471 1079 2544 dubium
1103 2468 1176 2562 est,

380 2593 464 2690 quin
489 2596 650 2665 Chremes

209 2719 289 2793 Tibi
312 2743 382 2789 non
402 2719 458 2789 det
477 2737 617 2814 gnatam.
641 2743 701 2789 nec
724 2736 760 2824 tu
776 2717 921 2819 eafausa
939 2734 950 2783 ³
966 2718 1124 2796 minueris

209 2844 314 2931 Haec,
334 2866 417 2940 quae
439 2840 540 2927 facis3
561 2866 602 2913 ne
620 2842 647 2915 is
667 2842 757 2913 suam
779 2863 883 2916 mutet
905 2843 1105 2933 sententiam.

208 2950 1173 3058 mommmmffimmmn

378 3111 488 3190 queat.
1130 3121 1174 3170 20

208 3223 295 3294 Nam
307 3217 401 3316 quod
414 3236 451 3288 tu
468 3215 598 3311 speras,
613 3213 813 3312 propulsabo
835 3215 942 3289 facile.
968 3244 1109 3294 uxorem
1123 3222 1174 3296 his

375 3340 529 3415 moribus
845 3358 854 3381 ³
1246 3378 1250 3410 t

213 3467 319 3538 Dabit
333 3491 445 3537 nemo.
464 3465 600 3560 inopem
618 3463 766 3538 inveniet
785 3467 909 3563 potius,
925 3493 1025 3566 quam
1046 3491 1079 3544 te
1097 3495 1174 3544 cor-

367 3589 488 3682 aeumpi
511 3589 602 3674 finat.
664 3687 671 3704 ο

207 3772 659 3855 didumfidlum‚lta&Graovius
761 3794 775 3856 3
806 3774 851 3837 Sic
880 3776 994 3839 ordina:
1021 3798 1071 3839 nec
1090 3793 1119 3836 tu
1140 3798 1172 3840 ea

207 3908 236 3950 v.
247 3881 321 3948 &stc
331 3879 398 3941 infra
409 3881 507 3946 Heaut.
520 3881 562 3954 V,
574 3903 598 3957 1,
613 3902 657 3962 31.
718 3882 815 3955 causa,
833 3905 867 3943 ne
885 3887 906 3944 is
919 3885 931 3965 (
939 3884 1093 3967 Chremes)
1110 3907 1173 3945 mu·

251 4014 262 4052 1
278 3987 404 4063 ¹Gravius
416 4005 617 4050 commovetur.
628 3987 660 4050 ld
718 4005 756 4048 tet
774 3988 848 4049 suam
868 3988 933 4050 sent.
948 3993 1074 4049 minuetis
1086 3994 1170 4064 haec,

207 4092 268 4154 sane
282 4093 338 4174 pati
356 4091 463 4152 animus
481 4112 538 4151 non
553 4110 619 4159 erat.
719 4115 788 4175 quae
803 4093 870 4153 sacis
890 4092 909 4163 s,
927 4093 961 4153 de
979 4094 1171 4159 consuetudine

250 4216 267 4254 2
285 4195 352 4255 Non
375 4199 539 4279 interrogat,
559 4195 603 4259 sed
618 4196 659 4258 sa·
718 4197 846 4280 Glycetii
858 4202 986 4266 remittas.

102 4304 132 4378 ⁸·
208 4295 334 4361 tilitatem
350 4305 389 4364 rei
405 4304 500 4364 innuit.
649 4279 652 4287 ⁴
