2809 5234
755 704 770 711 *
2322 714 2329 725 ι

2549 731 2561 741 ‘
2610 744 2615 749 .

436 763 438 767 ,
2587 754 2595 761 .
2604 750 2611 761 ι

848 976 1724 1058 EUNucnus
2159 995 2302 1075 ιφ

353 1149 438 1219 G.
463 1143 744 1219 Pulchre
775 1145 1112 1220 mehercle
1148 1143 1401 1218 dietum
1420 1191 1444 1230 ‚
1475 1160 1549 1217 et
1569 1141 1914 1242 sapienter.
1938 1139 2194 1240 papae!

353 1271 685 1368 Iugularas
734 1269 1081 1344 hominem
1121 1285 1169 1340 ¹.
1201 1268 1363 1368 quid
1392 1266 1556 1341 ille?
1588 1271 1680 1341 T:
1707 1288 1934 1342 mutus
1966 1266 2174 1342 illico.

355 1394 445 1469 G.
475 1395 738 1488 Quidni
780 1395 985 1470 effet?
1017 1398 1108 1466 P.
1139 1407 1169 1442 ²
1198 1393 1293 1466 dii
1328 1390 1625 1469 v'ostram
1668 1389 1922 1483 fidem,
1947 1391 2300 1468 hominem
2340 1458 2345 1463 .

704 1521 1039 1618 pendhunt
1995 1589 1999 1598 .

358 1642 815 1743 Miserumque
848 1660 874 1710 3
900 1673 921 1718 t
956 1666 1024 1721 et
1050 1644 1235 1744 illum
1275 1642 1665 1743 sacrilegum
1697 1639 1767 1714 4!
1807 1644 1883 1717 Τ.
1907 1638 2072 1741 quid
2095 1638 2306 1732 illud,v

709 1771 986 1843 Gnatho
1013 1822 1040 1858 ‚
1588 1794 1601 1803 ·

266 1888 269 1890 ’
363 1893 533 1985 Quo
564 1894 765 1991 pafilo
796 1893 1143 1967 Rhodium
1180 1905 1203 1957 5
1246 1890 1580 1992 tetigerim
1619 1890 1690 1964 in
1731 1881 2102 1978 convivio,
2210 1911 2308 1985 30

360 2018 727 2117 Nunquam
776 2017 810 2066 ⁶
855 2016 979 2091 tibi
1036 2016 1179 2092 dixi
1217 2017 1248 2090 ἓ
1315 2019 1399 2093 G.
1459 2041 1800 2118 nunquam
1831 2045 1852 2093 ε
1915 2014 2029 2091 sed
2075 2037 2306 2104 narra,
2431 2080 2434 2090 .

698 2141 1005 2233 obsecre,-

363 2263 519 2341 Plus
567 2264 806 2341 millies
845 2265 1079 2343 audivi
1111 2282 1166 2339 ⁷.
1217 2271 1295 2342 T.
1344 2291 1476 2341 una
1515 2265 1588 2340 in
1632 2265 1968 2342 'convivio

360 2394 517 2467 Erat
566 2392 675 2466 hic
690 2447 713 2483 ,
756 2417 964 2490 quem
990 2391 1182 2480 dico,
1219 2390 1527 2466 Rhodius
1567 2390 2111 2468 adolescentulus.

361 2522 566 2591 Forte
602 2516 809 2591 habui
840 2517 1137 2619 scortum
1164 2544 1190 2590 ε
1230 2516 1461 2614 coepit
1489 2515 1574 2590 ad
1610 2517 1680 2590 id
1719 2516 2032 2591 adludere
2055 2565 2082 2603 ‚

364 2644 453 2714 Et
495 2665 609 2715 me
638 2639 671 2691 ⁸
704 2641 1003 2718 irridere.
1053 2657 1093 2706 ⁹
1117 2624 1282 2741 quid
1325 2638 1461 2739 agis
1481 2693 1505 2732 ,
1544 2635 1817 2742 inquam
1836 2692 1862 2732 ,
1906 2641 2125 2716 homo
2171 2637 2314 2713 im-

713 2765 968 2863 pudens
993 2765 1027 2842 ὶ
2070 2798 2073 2802 ·
2214 2788 2301 2865 35

367 2891 589 2990 Lepus
628 2907 775 2966 tute
818 2913 928 2979 es,
978 2905 1046 2963 et
1093 2892 1600 2994 pulpamentum
1646 2889 1905 2993 quaeris
1933 2906 2016 2967 ¹0.
2069 2889 2270 2966 G.‘ha
2287 2941 2316 2979 ‚

621 3100 626 3105 .
710 3015 833 3110 ha,
861 3015 1014 3093 hae.

380 3250 388 3259 ’
460 3282 487 3325 1
524 3262 708 3343 Quast
736 3265 902 3344 annis
935 3263 1156 3346 abipso
1189 3286 1295 3347 pe·
1489 3265 1532 3328 6
1582 3264 1673 3329 sic
1705 3265 1831 3329 MS.
1869 3259 2082 3328 'Bemln
2118 3267 2327 3350 plut-est·

374 3359 521 3432 fitis,
554 3358 708 3441 quod
734 3360 786 3422 ei
822 3357 883 3419 in
916 3359 1121 3420 belluas
1157 3359 1295 3443 imp.
1411 3379 1520 3442 que
1551 3362 1639 3422 alii
1656 3407 1678 3434 ,
1699 3363 1762 3423 &
1793 3360 1917 3425 edd.
1939 3381 2079 3443 quos
2109 3363 2324 3425 secutus

373 3455 678 3518 obiecisset.
1408 3459 1588 3542 Bentl.
1630 3458 1793 3541 idque
1829 3456 2067 3541 postulat
2088 3456 2324 3542 respon-

460 3573 499 3614 2
542 3552 725 3615 Parm.
770 3553 865 3635 qui
916 3554 1107 3636 procul
1143 3553 1295 3618 stans
1409 3553 1529 3619 sum
1551 3575 1837 3636 nunquam.
1886 3553 1976 3616 Al.
2001 3555 2278 3635 numquid.

375 3665 481 3707 nec
500 3645 649 3708 visus
665 3646 806 3708 haee
835 3647 1077 3710 audierat
1096 3695 1115 3725 ,
1141 3646 1291 3710 seor·
1491 3670 1539 3728 7
1555 3647 1652 3710 Ab
1667 3645 1758 3709 ino
1775 3645 1996 3709 aversus
2016 3648 2089 3708 ad
2110 3646 2325 3731 speetu

341 3727 360 3803 s
378 3736 483 3800 fim
501 3738 576 3800 fic
604 3742 898 3803 exclamat.
1413 3757 1560 3804 tores
1589 3742 1736 3802 dicit.

472 3849 508 3910 3
534 3833 630 3891 int.
657 3830 1029 3895 Thrasonem.
1497 3833 1724 3895 8Bentl.
1740 3831 1954 3918 refingit
1974 3833 2215 3908 ira-itare,-
2233 3833 2333 3896 sed
2369 3837 2372 3841 ’
2422 3901 2428 3907 ,

465 3922 621 3995 4int.
656 3919 1039 3983 Gnathonem.
1418 3926 1484 3989 &
1512 3946 1694 3989 cetera
1718 3926 1899 3987 turbat
1939 3929 2185 3989 licentius
2226 3947 2334 4006 pro

477 4031 505 4095 ς
532 4012 598 4075 In
618 4033 688 4075 eo
707 4013 887 4095 magis
916 4012 1175 4121 gloriatur
1209 4015 1303 4075 in·
1421 4038 1579 4078 more
1595 4064 1620 4091 ,
1657 4038 1827 4099 quam
1857 4040 1999 4100 quae
2030 4019 2195 4101 digna
2227 4014 2340 4080 fiat

382 4107 549 4172 sulsus
560 4154 583 4181 ,
601 4107 754 4190 quod
770 4107 971 4170 Rhodni
988 4108 1299 4190 eloquentia
1418 4111 1625 4173 referri.

384 4203 452 4267 &
472 4202 710 4275 artibus,
733 4201 929 4283 opibus
951 4200 1015 4263 &
1037 4222 1097 4262 re
1118 4202 1304 4269 nauti-
1503 4224 1543 4286 9
1577 4202 1734 4266 Vett.
1764 4201 1893 4264 edd.
1918 4200 2051 4282 quid
2077 4198 2185 4259 ais.

383 4318 454 4360 ca
480 4296 646 4371 clari,
665 4295 834 4361 etiam
856 4294 1104 4356 elatiores
1138 4296 1307 4357 aninu
1519 4315 1591 4358 10
1620 4290 1992 4357 Proverbium
2023 4289 2359 4356 &Graecis-

382 4411 557 4456 erant·
592 4393 665 4457 Et
702 4394 749 4454 is
788 4413 860 4456 eo
890 4391 1076 4458 statim
1101 4396 1300 4480 repetit
1415 4389 1672 4455 usrtatum
1722 4389 1858 4452 teste
1892 4389 2091 4466 suida,
2136 4388 2345 4456 &oto-v·

385 4487 637 4552 Rhodius
667 4486 814 4554 adol.
950 4601 954 4604 .
1421 4506 1570 4551 σονς
1595 4505 1772 4572 tegeor·
1800 4483 2103 4662 εῆεθὲμεῃ
2129 4482 2344 4558 &Ro-2
