2809 5234
539 838 682 939 298

879 1125 1073 1201 strata
1096 1129 1125 1201 ?

1043 842 1119 919 Ρ.
1213 842 1284 917 Τ
1327 846 1385 919 E
1430 844 1491 917 R
1540 846 1597 917 E
1644 845 1715 923 N
1758 846 1827 921 T
1877 848 1991 922 11

535 1000 746 1083 Volui
769 1053 796 1093 ,
839 1000 1008 1101 quin
1049 1021 1127 1079 tu
1170 1003 1243 1079 in
1281 1030 1362 1082 ea
1408 1005 1573 1080 mihi
1617 1004 1819 1085 fueris
1859 1012 2304 1112 advorsanix,
2337 1021 2473 1095 So-

2433 1169 2465 1246 5

537 1267 633 1338 At
655 1260 702 1335 fi
726 1261 1019 1362 rogitem
1048 1263 1212 1352 iam,
1229 1262 1394 1362 quid
1422 1262 1516 1339 est
1538 1266 1725 1364 quod
1754 1295 2024 1370 peccem
2042 1325 2067 1366 ,
2093 1291 2206 1351 aut
2231 1301 2474 1377 quam·

886 1388 1124 1461 obrem
1160 1387 1230 1461 id
1271 1384 1470 1462 facias
1508 1406 1527 1439 ¹
1556 1391 1585 1465 i*
1615 1395 1859 1471 nescias
1891 1409 1920 1443 2
1942 1449 1966 1487 ,

541 1527 616 1600 In
656 1547 786 1624 qua
824 1547 900 1597 re
937 1548 1113 1596 nunc
1141 1544 1280 1595 tam
1319 1523 1735 1604 confidenter
1783 1531 1980 1607 restas
2004 1587 2028 1625 ,
2081 1532 2276 1609 stulta
2310 1549 2366 1613 3.
2399 1543 2476 1612 S.

878 1670 1093 1745 egone
1124 1646 1206 1719 4.>
1256 1644 1417 1721 seio.

549 1784 624 1856 C.
645 1784 864 1854 Immo
900 1794 922 1843 5
972 1771 1097 1853 scis
1135 1779 1399 1877 potius,
1425 1807 1624 1880 quam
1654 1786 1922 1882 quidem
1940 1790 2171 1869 redeat
2194 1795 2276 1869 ad
2301 1795 2478 1872 inte·

881 1929 1073 2003 grum
1105 1903 1137 1952 ⁶
1178 1905 1338 1979 haec
1377 1907 1619 1982 oratio.

549 2048 625 2114 S.
644 2043 763 2116 Oh
779 2040 1082 2144 ,iniquus
1105 2068 1216 2137 es,
1240 2044 1360 2145 qui
1383 2069 1493 2121 me
1518 2068 1737 2153 tacere
1759 2044 1853 2121 de
1870 2071 1942 2121 re
1963 2006 2140 2121 tanta
2163 2049 2477 2148 postules.

549 2271 742 2337 Faern.
780 2293 919 2333 vero
958 2293 1028 2333 ex
1063 2271 1266 2335 Bemb.
1301 2271 1452 2335 dedit
1570 2271 1723 2357 quod
1773 2271 1948 2359 vulgo
1977 2272 2274 2358 ingeritur3
2320 2279 2474 2341 tolli-

548 2387 678 2427 curn
696 2365 1071 2426 additamento
1097 2364 1282 2425 mulier
1307 2365 1461 2425 odio-

538 2460 612 2541 [ιι
625 2482 650 2532 ;
673 2460 742 2519 al.
761 2459 945 2518 mulier
955 2459 1180 2539 molesta.
1198 2458 1308 2521 Sed
1324 2459 1456 2520 illud

546 2558 734 2637 odiosa
762 2556 825 2615 δι
861 2557 969 2615 hoc
1007 2557 1213 2637 molesta
1255 2553 1463 2641 gbffe·'

548 2665 699 2721 mata
721 2646 836 2708 sunt
851 2693 870 2724 ,
892 2650 1042 2729 quod
1060 2650 1198 2710 vidit
1229 2655 1344 2712 iam
1370 2649 1454 2715 G.

549 2742 859 2805 Fabricius,
884 2743 1165 2805 Mulierem
1198 2744 1293 2826 effi
1316 2745 1373 2808 h.
1415 2745 1453 2807 l.

549 2834 630 2898 est
668 2838 938 2922 advetssm'
959 2839 1149 2899 uxorio
1177 2860 1331 2899 more.

638 2953 663 2993 1
694 2935 749 2994 h.
785 2956 834 2997 e.
869 2935 1003 2995 mihi
1024 2935 1336 2996 adverseris·
1360 2933 1451 2994 Sic

548 3049 689 3095 vero
735 3029 910 3092 Bentl.
952 3052 1021 3091 ex
1067 3053 1100 3092 2
1143 3031 1462 3092 melioribus

551 3123 792 3189 rescribit
810 3146 911 3207 pro
931 3125 1083 3208 vulg.
1088 3124 1311 3206 fhciam.
1334 3122 1394 3185 N
1393 3145 1457 3185 e·

550 3240 659 3301 que
685 3220 809 3283 sane
840 3219 981 3282 recte
1017 3217 1297 3302 quaesisset
1317 3239 1457 3278 uxo-

549 3333 669 3374 rem
705 3314 1067 3395 quamobrem
1104 3310 1214 3390 ipse
1244 3309 1303 3370 id
1331 3332 1455 3371 vo-

547 3398 726 3467 luerit.
742 3404 854 3468 Sed
867 3405 1059 3465 obiicit
1073 3403 1256 3474 uxori,
1273 3401 1453 3482 ipsam

551 3497 873 3560 inscientem
907 3498 1085 3559 facere
1118 3496 1342 3573 omnia;
1380 3493 1459 3559 cf.

553 3587 685 3655 Αᾶ.
724 3590 803 3652 111
820 3638 841 3663 ‚
885 3611 947 3673 ς,
986 3612 1080 3656 20.

634 3702 669 3741 2
695 3680 961 3744 Punctum
985 3704 1112 3744 cum
1135 3680 1310 3744 Bentl.
1342 3680 1458 3742 tol·-

550 3768 708 3831 limus
724 3817 745 3843 ,
792 3790 852 3833 ut
890 3791 1016 3856 apta
1067 3768 1131 3836 sit
1181 3772 1453 3858 responsio

550 3862 840 3929 Sostratae.
906 3866 975 3929 Et
1004 3867 1078 3929 stc
1112 3871 1277 3933 habet
1305 3893 1457 3955 quo-

551 3979 663 4043 que
695 3975 810 4020 vet.
837 3958 924 4022 ed.
959 3981 1013 4019 c.
1039 3959 1170 4043 figg.

642 4071 669 4134 3
708 4052 749 4113 s.
784 4073 901 4113 rem
931 4050 1221 4138 (nescias)
1257 4057 1317 4116 in
1361 4079 1469 4140 qua

550 4153 707 4234 restas
729 4152 783 4211 h.
805 4172 855 4212 e.
876 4146 1260 4233 refistisstulta
1275 4175 1301 4225 ,·
1315 4152 1469 4232 quod

554 4250 879 4311 convicium
896 4247 1072 4310 reddit
1086 4270 1189 4331 pro
1206 4248 1298 4310 illo
1316 4248 1466 4331 inep-

552 4352 683 4405 tum.
744 4340 977 4427 Signum
1011 4363 1150 4405 vero
1188 4341 1419 4428 rogandi
1438 4388 1461 4420 ,

1575 2386 1815 2537 ωυῑοίῃῐ.
1843 2460 1905 2520 id
1919 2460 2143 2543 nesciam
2159 2463 2191 2523 ?
2211 2462 2334 2522 Scio
2350 2463 2475 2524 her-

1574 2556 1697 2633 cle;
1727 2555 1802 2618 cf.
1850 2555 1995 2617 Eun.
2031 2556 2129 2631 V,
2170 2557 2244 2634 8,
2287 2581 2338 2619 2.
2388 2559 2480 2619 Sic

1554 2653 1745 2733 'plana
1774 2648 1896 2712 sunt
1932 2652 2138 2712 omnia.
2182 2651 2350 2734 Vulg.
2390 2675 2484 2735 ego

1575 2747 1795 2829 neseio?
1840 2744 1996 2827 quod
2031 2746 2234 2806 ironice
2273 2745 2484 2806 dicium

1581 2840 1795 2904 volunt.
1819 2838 1928 2900 Sed
1948 2838 2123 2898 ironia
2135 2858 2328 2918 parurn
2349 2859 2487 2898 con-

1572 2937 1727 2999 venit
1755 2930 2029 2995 Sostratae
2050 2952 2195 2991 nunc
2225 2951 2485 2993 commo-

1578 3044 1668 3090 ne
1686 3072 1707 3101 ,
1740 3026 1916 3088 minus
1956 3024 2275 3104 submissae,
2311 3049 2486 3111 quam

1577 3121 1706 3185 A&
1741 3120 1858 3196 111,
1888 3142 1949 3198 4.
2028 3194 2035 3202 ⁸
2255 3154 2265 3183 ι

1665 3238 1693 3300 5
1755 3216 1851 3280 An
1873 3217 2026 3300 Jbias
2047 3262 2068 3294 ‚
2097 3217 2284 3300 potius
2328 3240 2485 3299 quam

1572 3310 1726 3374 &ei
1746 3309 1891 3371 Eam
1909 3310 1966 3371 id
1981 3309 2115 3370 scire
2136 3312 2392 3371 concedit
2410 3309 2486 3372 se·

1572 3423 1677 3463 nex
1694 3446 1715 3472 ,
1736 3416 1797 3460 ut
1818 3404 1910 3481 qui
1931 3402 2042 3482 ipse
2074 3424 2193 3463 non
2214 3402 2352 3464 serio
2373 3426 2491 3465 vo-

1576 3493 1723 3555 lebat
1756 3490 1925 3553 filium
1962 3493 2237 3554 abdicare.
2278 3494 2389 3556 Sed
2423 3497 2487 3559 id

1578 3586 1753 3648 celare
1773 3600 2007 3646 uxorem
2021 3584 2255 3647 debebat
2264 3628 2288 3657 ,
2305 3583 2486 3652 filium

1576 3681 1874 3743 territurus·

1658 3774 1697 3837 6
1730 3772 1925 3836 Bemb.
1959 3772 2024 3836 &
2048 3772 2180 3836 edd.
2205 3773 2486 3857 quaedam

1577 3872 1704 3933 haec
1742 3872 1919 3932 eadem
1935 3916 1959 3945 ,
1998 3870 2144 3933 unde
2179 3868 2366 3932 versus
2407 3870 2489 3932 la-

1581 3964 1759 4026 borat.
1816 3964 2014 4045 Quare
2048 3961 2247 4027 Faem.
2279 3962 2485 4027 resecat

1586 4060 1752 4134 haec3
1774 4057 2026 4119 Erasms
2048 4058 2256 4131 eadem,
2276 4057 2339 4119 &
2360 4053 2487 4117 Go-

1586 4172 1795 4213 veanus
1813 4149 2044 4232 praefert
2061 4150 2190 4209 haec
2201 4195 2222 4224 ‚
2238 4150 2388 4231 quod
2418 4153 2486 4215 δι

1580 4248 1739 4311 nobis
1767 4247 1944 4331 placet
1976 4247 2139 4306 metri
2172 4248 2332 4311 causa
2347 4295 2370 4327 ,
2402 4251 2487 4313 uti

1578 4343 1754 4405 eadem
1784 4337 2046 4427 gloss'ema
2071 4338 2306 4408 videtur.
