2809 5234
2158 684 2203 695 ,-

1043 837 1803 918 PHORMIO.
2269 854 2415 930 ¹59

471 1013 739 1092 Invitus
774 1007 910 1084 feci
941 1005 1099 1080 :lex
1131 1004 1388 1103 coegit.
1420 1001 1630 1076 audio
1651 1053 1677 1092 ,
1699 997 1926 1072 fateor
1963 1012 2010 1071 ¹.
2043 999 2132 1071 G.
2152 993 2411 1095 placet.

471 1143 580 1211 D.
610 1141 877 1209 Verum
927 1130 1304 1222 scientem,
1343 1128 1634 1205 tacitum
1677 1122 1947 1199 causam
1984 1124 2257 1195 tradere
2294 1120 2409 1196 ad·

867 1249 1184 1325 versariis
1212 1304 1235 1340 ,

470 1378 784 1451 Etiamne
826 1374 896 1445 id
928 1373 1041 1444 lex
1093 1371 1326 1469 coegit
1354 1373 1391 1442 ⁰?
1433 1376 1501 1442 P.
1557 1366 1733 1441 illud
1775 1366 2026 1440 durum
2064 1385 2113 1441 ².
2153 1368 2240 1439 G.
2273 1388 2412 1464 ego

868 1493 1227 1591 expediam
1268 1509 1287 1553 ³
1324 1517 1340 1561 z
1381 1487 1545 1562 fine.

471 1621 578 1692 D.
624 1612 1101 1703 Incerttim,‚est
1128 1667 1151 1704 ,
1198 1609 1364 1710 quid
1405 1632 1651 1707 agam,
1696 1605 1860 1729 quia
1884 1624 2159 1704 praeter
2180 1607 2413 1707 spem,‘

864 1760 1075 1837 atque
1130 1729 1534 1807 incredibile
1571 1730 1713 1802 hoc
1750 1729 1921 1801 mihi
1965 1729 2258 1827 obtigit:

471 1864 576 1935 Ita
615 1859 762 1934 sum
794 1860 1099 1933 irritatus
1126 1909 1150 1946 ,
1222 1853 1532 1927 animum
1585 1869 1665 1925 ut
1714 1876 2055 1951 nequeam
2095 1852 2181 1924 ad
2215 1852 2413 1952 cogi-

871 1982 1157 2055 tandum
1199 1976 1552 2051 instituere
1588 1997 1640 2050 ⁴.
2329 1999 2414 2053 10

475 2102 962 2200 Quamobrem
1049 2125 1293 2175 omnes
1320 2153 1344 2189 ‚
1419 2123 1579 2194 cum
1646 2096 1983 2171 secundae
2062 2121 2169 2169 res
2254 2093 2414 2169 sunt

838 2249 1202 2301 ‚maxume
1232 2278 1255 2314 ,
1298 2241 1453 2297 tum
1498 2245 1821 2295 maxume

471 2345 803 2419 Meditari
871 2344 1101 2420 secum
1166 2361 1500 2441 oportet,
1577 2365 1724 2440 quo
1783 2342 1988 2440 paeto
2045 2340 2420 2416 advorsam

870 2488 1270 2536 aerumnam
1310 2484 1330 2526 ς
1372 2461 1603 2534 ferant*
1637 2485 1656 2530 ε

477 2581 789 2672 Pericla,
854 2583 1150 2673 damna,
1199 2609 1484 2682 peregre
1529 2584 1802 2658 rediens
1850 2582 2119 2683 semper
2180 2584 2412 2662 secum

875 2721 1138 2800 cogitet
1168 2755 1194 2794 ,
2400 2790 2405 2795 ¹

481 2827 624 2901 Aut
692 2825 819 2900 filii
864 2818 1229 2923 peccatum
1265 2836 1337 2916 ‘,
1403 2842 1525 2899 aut
1589 2824 1830 2927 uxoris
1889 2843 2192 2899 mortem
2221 2878 2245 2917 ,
2292 2841 2416 2899 aut

873 2949 1201 3025 morbum
1235 2949 1416 3024 filiae
1445 2978 1466 3025 ε

568 3184 590 3221 1
661 3162 750 3223 Ex
790 3182 949 3244 parte
999 3163 1145 3224 cedit
1179 3164 1363 3226 senex.

480 3271 791 3332 Levabitur
825 3276 1002 3357 igitur
1048 3297 1212 3358 parte
1256 3276 1361 3336 de-

480 3374 753 3436 fenfionis
801 3377 1094 3441 Phaedria.

562 3507 592 3542 2
628 3485 822 3568 Atque
861 3487 922 3544 id
949 3506 1139 3547 tamen
1170 3486 1365 3549 molli-

480 3610 634 3653 turus
668 3597 746 3652 est
773 3593 1068 3656 Phaedria.

565 3723 591 3778 3
619 3703 730 3760 Int.
758 3720 811 3760 te
830 3724 849 3777 ;
868 3700 986 3762 scil.
1005 3703 1364 3765 Phaedriam.

480 3808 553 3869 cf.
580 3811 763 3869 Andr.
796 3812 927 3885 111,
958 3834 984 3886 5
1004 3856 1027 3883 ,
1077 3834 1099 3871 1
1119 3833 1169 3873 1.

563 3939 601 3987 4
642 3912 908 3974 Abscessit
949 3918 1065 3975 iam
1107 3915 1369 3998 aliquan-

483 4039 605 4081 tum
656 4025 818 4093 irae,
871 4025 1004 4084 dum
1058 4022 1113 4083 se
1163 4026 1370 4083 iratum

479 4131 680 4208 sensit3
715 4141 769 4192 &
809 4133 1253 4194 commentando
1279 4153 1366 4203 ea,

484 4255 628 4316 quae
656 4243 707 4295 &
739 4233 833 4294 fibi
860 4258 1162 4318 praecepta
1183 4258 1368 4320 putat,

483 4336 761 4419 paulatim
830 4362 904 4405 eo
960 4342 1185 4408 recedet
1225 4388 1248 4418 ,
1306 4364 1367 4410 ut

1531 3166 1666 3227 dein
1729 3166 1963 3225 verbum
2018 3165 2199 3224 verbo·
2228 3208 2248 3235 ‚
2312 3185 2419 3246 pat

1527 3278 1655 3359 pari
1681 3275 2026 3359 respondere
2048 3290 2220 3358 queat
2243 3272 2425 3334 Phae-

1536 3381 1677 3440 dria.

1602 3509 1644 3565 -5
1665 3489 1816 3548 Adv.
1841 3508 1948 3546 aer.
1977 3485 2147 3543 nobis
2173 3484 2420 3554 videtur,

1533 3618 1678 3681 quac
1736 3618 1771 3656 a
1825 3594 2057 3656 fortuna
2114 3593 2442 3664 obiicitur,

1529 3704 1876 3765 extrinsecus
1944 3704 2113 3765 nobis
2164 3704 2420 3765 advenit.

1529 3815 1671 3875 Alia
1722 3837 1918 3877 comes
1989 3821 2068 3878 est
2133 3817 2420 3880 laborum.

1532 3920 1776 3979 Donato
1838 3921 2058 3982 videtur
2134 3924 2423 3985 abundare

1532 4000 1818 4107 advorfism.
1859 4029 2048 4091 Nobis
2075 4052 2280 4114 augere
2297 4051 2425 4092 rem

1534 4134 1753 4194 videtur
1777 4136 2106 4219 Demipho,

1618 4251 1650 4300 6
1724 4242 1845 4302 Iam
1884 4243 2035 4325 quasi
2076 4241 2423 4322 descendent

1531 4346 1604 4410 ad
1630 4343 1793 4409 suum
1841 4343 2029 4411 casum
2052 4392 2076 4419 ,
2108 4345 2298 4429 lenius
2325 4349 2421 4415 dea
2453 4372 2467 4397 r
2508 4358 2513 4363 '
