2809 5234
581 890 2031 970 HEAUTONTIMORUMENOS.

390 1054 694 1129 Decrevi
739 1053 1047 1150 tantisper
1085 1079 1194 1126 me
1241 1054 1461 1127 minus
1511 1054 1834 1146 iniuriae,

2178 924 2322 994 207

2228 1083 2314 1159 95

394 1176 685 1246 Chreme
705 1229 729 1262 ,
756 1189 912 1246 meo
939 1195 1144 1271 gnato
1170 1172 1390 1245 facere
1411 1227 1433 1262 ,
1461 1174 1618 1245 dum
1648 1172 1799 1245 fiam
1827 1171 2017 1246 miser
2046 1198 2065 1242 τ

390 1296 541 1369 Nec
579 1297 678 1369 fas
727 1297 855 1369 effe
895 1299 1025 1369 ulla
1081 1323 1189 1369 me
1226 1298 1573 1392 voluptate
1626 1295 1737 1368 hic
1777 1296 1949 1386 frui,
2064 1400 2069 1405 .

394 1425 535 1496 Nifi
563 1424 675 1497 ubi
705 1424 808 1497 ille
835 1424 968 1496 huc
996 1422 1206 1496 salvus
1235 1421 1506 1497 redierit
1536 1443 1722 1492 meus
1752 1419 2096 1516 particeps·

401 1551 475 1618 C.
501 1547 776 1643 Ingenio
805 1566 868 1619 te
894 1546 1024 1619 effe
1051 1544 1123 1617 in
1162 1544 1408 1616 liberos
1443 1543 1576 1615 leni
1613 1560 1778 1655 pnto
1817 1557 1833 1589 ¹
1861 1595 1884 1630 ,
1913 1560 1979 1615 et

394 1661 584 1737 Illum
619 1665 1091 1762 obsequentem
1121 1718 1146 1751 ,
1167 1662 1216 1734 fi
1254 1661 1400 1760 quis
1428 1664 1619 1735 'tefle
1648 1680 1760 1734 aut
1788 1662 2149 1734 commode
2195 1685 2330 1738 100

397 1789 742 1862 Traaaret
776 1802 828 1861 ².
871 1811 1107 1861 verum
1136 1812 1357 1885 neque
1397 1806 1468 1859 tu
1492 1788 1672 1860 illum
1701 1786 1841 1871 sati’,
1862 1810 2148 1861 noveras
2168 1839 2194 1879 ,

395 1914 542 1986 Nec
569 1936 633 1986 te
658 1911 784 1986 ille.
811 1911 1075 2010 hocque
1104 1909 1180 1984 fit
1203 1965 1225 1999 ‚
1250 1912 1368 1985 ubi
1394 1939 1532 1986 non
1571 1936 1732 1987 vere
1771 1926 1792 1975 3
1839 1912 2115 1999 vivitur.

389 2039 500 2110 Tu
544 2036 732 2109 illum
781 2058 1115 2133 nunquam
1169 2032 1503 2106 ostendisti
1554 2033 1783 2132 quanti
1829 2035 2200 2130 pendere3‚

394 2154 541 2232 Nec
583 2158 711 2241 xibi
766 2153 875 2228 ille
924 2153 1018 2228 est
1064 2156 1336 2230 credere
1387 2156 1579 2229 ausus
1604 2210 1626 2248 ,
1666 2182 1831 2255 quae
1860 2155 1953 2229 est
1988 2145 2278 2258 aequom

731 2279 922 2378 patri.

395 2396 604 2490 Quod
668 2396 718 2468 fi
776 2396 934 2472 efl'et
992 2395 1238 2473 fastum
1270 2452 1292 2490 ,
1347 2393 1523 2473 haee
1574 2424 1914 2500 nunquam
1962 2404 2327 2480 eveniffent

630 2586 635 2591 .
732 2517 880 2591 tibi.

2191 2510 2318 2626 ,οξ

395 2637 504 2708 Μ.
553 2640 645 2708 Ita
695 2662 800 2709 res
849 2636 982 2729 est,
1036 2635 1299 2713 fateor:
1366 2662 1712 2745 peceatum
1767 2671 1805 2721 a
1855 2673 1964 2722 me
2010 2662 2051 2717 1
2089 2673 2326 2722 maxu-

736 2786 920 2835 mum
972 2761 1088 2835 est.

255 2950 262 2961 .
391 2885 457 2957 C.
489 2883 880 2958 Menedeme
898 2936 920 2973 ,
946 2902 1011 2957 at
1038 2906 1249 2982 porro
1271 2887 1443 2960 reae
1469 2888 1663 2983 spero
1702 2903 1765 2959 5:
1795 2887 1975 2962 illum
2010 2888 2130 2964 tib‘i

391 3007 654 3105 Salvnm
709 3004 1068 3081 affuturum
1110 3006 1241 3083 effe
1282 3007 1417 3083 hic·
1444 3007 1719 3082 confido
1765 3012 2180 3107 propediem.
2238 2996 2291 3119 ’ῃ
2384 3042 2389 3049 ·

480 3285 505 3326 1
550 3265 795 3330 Chreme
814 3315 834 3342 ,
857 3291 972 3330 non
1002 3269 1123 3329 satis
1163 3290 1302 3351 pru-

390 3359 582 3425 denter
627 3386 694 3425 ex
732 3384 786 3427 te
823 3366 1027 3428 iudicas
1079 3366 1146 3426 de
1198 3364 1302 3425 ho-

390 3461 539 3522 mine
554 3507 574 3536 ,
594 3464 690 3543 qui
716 3483 831 3523 non
842 3462 1051 3555 ‚amaia
1080 3462 1295 3524 videtur

390 3545 601 3624 filium,
629 3549 725 3612 nifi
763 3553 840 3614 sui
872 3552 1029 3615 causa
1050 3599 1071 3625 ‚
1110 3575 1312 3636 neque-

387 3639 552 3702 alium
572 3645 889 3724 participem
919 3644 1074 3704 suum
1110 3644 1295 3707 habet.

388 3729 729 3793 Inhumanus
751 3735 909 3793 nobis
939 3731 1017 3792 est
1034 3777 1053 3807 ,
1074 3737 1168 3812 qui
1186 3756 1301 3795 non

392 3816 648 3879 homines
663 3822 960 3899 generatim
980 3821 1147 3880 habet
1160 3843 1299 3907 par-

393 3926 601 3991 ticnpeS.

476 4025 510 4064 2
526 3998 1030 4084 Reprehenfionem
1046 4002 1303 4079 absolvit,

385 4096 479 4159 sed
520 4119 644 4159 eam
673 4098 865 4160 iterum
920 4098 1106 4159 miscet
1142 4098 1301 4162 laude

388 4192 588 4273 aliqua.
661 4191 872 4253 laudat
917 4193 1191 4275 ingenium
1233 4195 1298 4256 δὲ

383 4287 547 4366 patris
583 4287 645 4347 δι
678 4284 808 4361 filii,
842 4284 1059 4348 accusat
1087 4306 1287 4348 mores.

471 4398 504 4460 3
546 4377 605 4442 h.
643 4401 690 4442 e.
733 4399 849 4441 non
885 4400 1014 4445 cum
1053 4382 1294 4470 ragione,

1422 3289 1562 3351 quae
1592 3269 1842 3350 princeps
1863 3264 1926 3324 sit
1949 3267 2096 3326 vitae
2129 3267 2189 3328 δι
2216 3288 2327 3331 ma*

1418 3363 1619 3448 gistm3
1651 3363 1744 3424 sed
1773 3385 1841 3424 ex
1869 3359 2118 3422 instirifiu
2160 3363 2223 3422 &
2257 3362 2330 3423 af⁴

1414 3459 1559 3523 festu
1597 3461 1764 3519 animi
1795 3453 2210 3517 inconsiderato,

1489 3574 1528 3627 4
1560 3551 1653 3613 Sic
1678 3549 1843 3612 MSS.
1875 3548 2073 3610 Bemb.
2101 3547 2163 3607 &
2187 3547 2322 3615 Van

1412 3661 1539 3707 cett.
1567 3642 1739 3725 Vulg.
1767 3643 1992 3702 maxime
2022 3636 2100 3700 est
2123 3661 2155 3700 e
2186 3640 2323 3701 vic·

1416 3737 1650 3798 toriano.

1414 3858 1460 3905 χ
1504 3842 1530 3905 ς
1577 3825 1632 3885 h.
1661 3844 1710 3884 e.
1744 3823 1892 3883 bona
1925 3825 2119 3884 omnia
2151 3821 2324 3903 spero.

1413 3916 1684 3979 Delemus
1715 3915 1839 3977 dein
1873 3917 1927 3976 ἃ·
1963 3932 2091 3976 ante
2130 3916 2283 3973 illum
2299 3960 2320 3990 ‚

1408 4008 1573 4097 quod
1593 4009 1655 4070 &
1674 4029 1852 4071 metro
1871 4009 2161 4071 adversum
2182 4052 2202 4077 ,
2220 4027 2326 4065 nec

1417 4124 1557 4184 opus
1573 4102 1667 4164 est.
1690 4094 1975 4166 'Pi-aedicit
1992 4124 2129 4162 vero
2147 4099 2326 4162 Chre-

1418 4215 1539 4256 mes
1556 4240 1576 4266 ,
1599 4194 1765 4256 solatii
1788 4196 1945 4259 causa
1959 4240 1979 4266 ‚
2000 4195 2319 4255 adventum.
2354 4272 2369 4281 -

1413 4287 1488 4350 Et
1499 4307 1635 4346 mox
1657 4294 1809 4369 grata
1824 4286 2135 4368 supervenit
2150 4333 2171 4363 ‚
2185 4308 2323 4374 quae

1416 4400 1535 4443 non
1550 4379 1860 4463 sperabaeur
1871 4425 1894 4456 ,
1913 4379 2066 4442 hora·

2346 4638 2576 4812 t
