2809 5234
396 825 463 918 156
645 817 1114 892 RTERENTH

390 983 465 1055 Thr.
491 982 559 1055 Ubi
585 968 664 1051 aliil
688 986 724 1052 S.
750 980 831 1077 qui,
853 980 998 1071 malum,
1019 977 1104 1052 alii?
1123 975 1214 1054 solun
1228 980 1315 1057 Sam

553 1104 663 1187 serrat
682 1104 788 1175 domi.
898 1192 903 1205 ι

384 1246 454 1319 Tlrr.
477 1246 531 1317 Tu
551 1243 650 1318 hosce
671 1242 816 1314 instrue:
847 1238 902 1315 hic
920 1265 985 1339 ego
998 1266 1059 1315 ero
1073 1242 1149 1340 poll
1163 1243 1315 1347 principi

561 1368 638 1441 inde
657 1365 814 1440 omnibus
835 1365 961 1463 fignum
980 1366 1080 1439 dabo.

387 1508 431 1581 G.
457 1506 537 1580 llluc
561 1506 609 1578 est
636 1506 770 1602 sapere:
798 1524 835 1575 ut
861 1502 961 1576 hosce
987 1502 1137 1577 instruxit
1146 1559 1158 1598 ,
1179 1506 1276 1604 ipsus
1299 1508 1315 1584 l

560 1629 651 1704 cavit
671 1630 762 1701 loco.

385 1788 397 1826 ¹
419 1734 492 1847 Thr:
507 1772 598 1844 Idem
614 1771 680 1841 hoc
695 1771 760 1841 iam
780 1768 928 1867 Pyrrhus
943 1766 1118 1844 fauitavit.
1141 1773 1178 1842 C.
1192 1770 1314 1850 viden’

422 1936 426 1943 ·
556 1895 681 1984 Thais,
695 1918 794 1991 quam
814 1893 868 1964 hic
886 1916 955 1962 rem
975 1893 1063 1989 agit?
1303 1916 1306 1925 ·

386 2032 552 2106 Nimirum
572 2029 745 2100 confilium
767 2027 847 2099 illud
870 2028 997 2102 tellum
1011 2025 1058 2101 est
1075 2028 1117 2102 de
1135 2030 1315 2111 occludem

555 2155 697 2226 aedibus.

386 2293 464 2360 Tla.
484 2290 586 2369 Sane,
603 2300 617 2332 ²
639 2285 698 2382 qui
720 2284 779 2357 tibi
802 2309 889 2354 nunc
905 2284 958 2355 vir
975 2283 1106 2359 videtur
1120 2284 1202 2377 effe,
1218 2286 1315 2365 hieu

556 2410 634 2480 bulo
661 2432 797 2506 magnus
822 2406 891 2478 est:

387 2552 441 2622 Ne
459 2542 592 2620 meruel&
619 2551 691 2621 Thr.
705 2549 786 2645 quid
801 2546 962 2623 videtur?
981 2545 1024 2621 G.
1038 2545 1175 2620 fundam
1191 2548 1255 2625 tibi
1266 2579 1315 2629 nu

558 2671 656 2744 nimis
683 2671 802 2745 vellem
828 2672 922 2769 dari,

388 2814 435 2886 Ut
449 2834 486 2886 tu
499 2810 571 2883 illos
589 2770 705 2906 procul
721 2809 797 2881 hinc
813 2836 854 2880 ex
868 2812 1004 2883 occulto
1018 2812 1192 2887 caederes:
1209 2814 1315 2895 lacere

557 2934 681 3030 lugam.

389 3063 460 3133 le'r.
483 3061 545 3135 sed
570 3085 682 3131 eccam
706 3059 870 3130 Thaidem
893 3058 994 3155 ipsam
1016 3061 1117 3136 video
1135 3078 1161 3138 3.
1187 3067 1231 3140 G.
1253 3092 1315 3167 qua

461 3200 465 3207 '
556 3209 637 3258 mox
658 3182 823 3255 irruimus.
849 3187 922 3253 Thr.
947 3210 1054 3258 mane.

431 3385 443 3424 1
465 3363 586 3442 Plerique
607 3357 687 3420 MSS.
710 3358 839 3419 omittunt
898 3360 1044 3440 quibus&
1063 3358 1315 3449 ellArgent.149

386 3498 489 3539 nomen
511 3477 679 3550 Tlirasunis,
697 3497 728 3540 ut
746 3496 836 3539 totum
897 3480 1013 3542 reddidit
1023 3480 1112 3545 Bentl.
1123 3502 1173 3565 pro
1183 3482 1260 3567 vulg.
1268 3506 1315 3567 que

388 3593 421 3656 [ιι
429 3595 592 3659 Gnathonis.
603 3595 659 3659 Sed
669 3599 839 3657 conveniunt
898 3590 1032 3662 videatur.¹

387 3716 458 3779 bene
476 3718 505 3776 in
523 3719 668 3801 magnifice
696 3721 841 3801 ineptum,
942 3740 957 3801 3
986 3718 1067 3781 Miles
1097 3719 1176 3779 vultu
1204 3713 1315 3800 gestuqu

387 3833 434 3914 qui
449 3830 560 3894 summis
584 3836 745 3896 nominibus
761 3834 838 3896 suum
897 3854 1028 3917 tanquam
1039 3835 1074 3895 ad
1089 3853 1227 3894 certamen
1235 3853 1315 3915 com}

386 3947 500 4021 misere,
516 3948 548 4010 δι
563 3946 632 4009 infra
649 3950 699 4023 V,
721 3950 759 4026 8,
784 3952 839 4033 3se
899 3951 969 4024 suo,
986 3972 1049 4013 cum
1063 3949 1175 4031 strepitu
1191 3949 1247 4008 hoc
1262 3949 1315 4012 infe

385 4073 421 4133 ad
439 4071 588 4133 Herculem
604 4092 753 4154 comparat.
900 4072 975 4159 Hine
986 4069 1133 4153 parasitus,
1149 4090 1226 4153 quam
1239 4091 1315 4131 mox*

428 4212 446 4254 2
462 4192 508 4251 Sic
526 4212 543 4251 e
562 4190 682 4272 pluribus
698 4188 790 4252 codd.
808 4190 840 4251 ὅ(
899 4191 1028 4247 ruimus?
1159 4232 1163 4239 .

388 4296 493 4364 Donati
507 4304 569 4369 MS.
585 4307 616 4369 δι
629 4304 691 4365 edd.
702 4320 771 4364 verr.
787 4305 838 4381 (in
