2809 5234
2524 656 2539 671 O

1327 694 1336 711 Ι

1329 714 1334 731 1

982 896 1056 985 'A
1102 912 1178 986 D
1227 915 1285 986 E
1329 914 1388 985 L
1436 914 1495 985 P
1537 913 1713 992 HL·
2240 919 2351 1018 69

406 1071 495 1147 S.
554 1069 843 1172 Rogitas
875 1071 913 1145 ’ἶ
973 1073 1306 1170 Ctefipho
1370 1098 1484 1146 me
1535 1073 1785 1174 pugnis
1840 1073 2218 1170 miserum,
2268 1096 2345 1167 et

822 1193 1017 1269 istam
1100 1194 1448 1294 psaltriam
2301 1231 2335 1309 ς

300 1311 303 1315 ’
412 1318 654 1418 Usque
699 1318 960 1393 occidit
998 1332 1047 1392 ¹.
1097 1322 1199 1391 D.
1243 1319 1403 1391 hem
1426 1371 1452 1409 ,
1493 1319 1664 1418 quid
1700 1343 1933 1394 narras
1958 1323 1993 1393 ’ἓ
2023 1325 2101 1395 S.
2140 1323 2347 1418 hem,

802 1442 1007 1533 vide,
1060 1459 1141 1516 ut
1188 1441 1458 1517 discidit
1509 1442 1780 1515 labrum
1818 1457 1868 1512 ².

411 1574 517 1645 D.
542 1569 1076 1662 Quamobrem?
1109 1574 1184 1644 S.
1224 1593 1337 1643 me
1376 1567 1758 1666 impulsore
1818 1567 1996 1640 hanc
2037 1581 2351 1662 emptam

814 1694 949 1768 effe
994 1694 1112 1768 ait.
1164 1697 1264 1765 D.
1306 1718 1456 1766 non
1496 1713 1574 1766 tu
1605 1717 1765 1765 eum
1791 1717 1908 1764 rus
1929 1692 2089 1766 hinc
2131 1690 2350 1762 modo

412 1815 739 1892 Produxe
768 1819 996 1892 aiebas
1037 1818 1123 1887 ι’.)
1156 1819 1237 1890 S.
1266 1796 1547 1891 'factum
1589 1841 1607 1888 ς
1646 1838 1895 1888 verum
1948 1811 2145 1885 venit
2195 1805 2352 1905 post

809 1943 1199 2016 insanienst
1971 1959 1976 1963 ’
2110 2026 2113 2029 ¹

282 2035 292 2054 ’
415 2061 609 2135 Nihil
648 2060 988 2160 pepercit.
1031 2084 1178 2132 non
1233 2051 1547 2155 puduiss'e
1586 2052 1955 2130 verberare
1991 2050 2352 2126 hominem

808 2182 1077 2277 senem,

416 2312 656 2405 Quem
703 2335 836 2410 ego
902 2309 1124 2381 modo
1172 2330 1469 2404 puerum
1517 2304 1936 2381 tantillum
1916 2331 1990 2377 m
2039 2303 2351 2377 manibus

562 2444 568 2449 ’
619 2441 628 2449 ’
816 2429 1075 2527 gestavi
1127 2430 1341 2503 meis.
1322 2433 1350 2483 ὓ
2262 2449 2350 2498 ιο

421 2549 529 2622 D.
595 2547 895 2634 Laudo,
957 2550 1339 2648 Ctefiph03
1393 2545 1774 2648 patriffas·
1810 2516 1974 2639 abi,
2012 2547 2242 2622 virum
2280 2564 2353 2626 te

368 2671 372 2674 ’
820 2671 1059 2747 iudico
1090 2691 1145 2748 ⁴.

420 2795 503 2870 S.
557 2796 878 2872 Laudas?
908 2822 1045 2871 nae
1077 2796 1194 2871 ille
1239 2793 1632 2871 continebit
1663 2793 1950 2892 posthae
1977 2794 2076 2887 ,fi
2111 2795 2359 2895 sapiet,

834 2945 1104 2996 manus.

421 3040 529 3116 D.
580 3043 919 3127 Fortiter„
966 3049 1047 3120 S.
1110 3070 1447 3146 perquam
1473 3073 1503 3118 ε·
1538 3045 1715 3143 quia,
1742 3043 2058 3119 miseram
2102 3043 2353 3148 mulie-

817 3188 967 3241 rem
992 3221 1017 3258 ,
1055 3186 1127 3241 et
1164 3193 1276 3243 me
1314 3168 1672 3245 servolum
1694 3222 1719 3258 ‚

419 3440 434 3454 ’
515 3426 764 3528 ι”8ιιρη
787 3445 1007 3519 111,4,
1039 3446 1313 3520 41Ctefi·
1474 3472 1507 3512 a
1550 3449 1699 3533 Syro
1749 3446 1916 3529 supra
1967 3446 2089 3517 111,
2159 3469 2231 3519 4,
2282 3467 2355 3526 39

424 3543 685 3628 phonem
709 3550 771 3607 in
796 3547 926 3607 foro
942 3547 1177 3610 fratrem
1197 3552 1315 3614 iur·
1477 3573 1668 3613 cautus
1686 3551 1908 3611 videtur
1923 3594 1940 3622 ‚
1957 3569 2142 3632 neque
2169 3567 2363 3610 tamen

423 3650 526 3729 gio
546 3651 810 3712 adortum
832 3653 1087 3719 finxerat.
1106 3655 1315 3738 Coep-
1480 3659 1670 3716 minus
1699 3653 1925 3715 falletur
1950 3652 2021 3713 ab
2045 3656 2225 3713 astuto
2245 3649 2364 3713 ser·

428 3771 551 3811 tum
583 3756 947 3817 mendacium
980 3780 1135 3820 nunc
1165 3782 1312 3820 con·
1476 3783 1570 3822 νο.

429 3857 644 3955 tinuat,
689 3878 876 3940 auget.
1561 3891 1601 3940 4
1642 3864 1706 3926 N
1710 3885 1789 3924 on
1815 3865 1994 3925 modo
2027 3865 2222 3928 fraude
2250 3865 2363 3926 ser·

513 3988 543 4023 2
586 3962 859 4028 Ostendit
914 3962 1031 4024 seni
1050 4011 1068 4041 ‚
1106 3989 1312 4048 patum
1475 3974 1532 4031 vi
1554 4017 1571 4045 ,
1600 3968 1697 4031 sed
1727 3978 1782 4029 δι
1810 3991 1980 4032 caeco
2005 3994 2220 4044 amore,
2243 3993 2362 4055 quo

430 4073 831 4158 prospicienti,
862 4075 1083 4138 labrum
1120 4079 1318 4163 digitis
1481 4082 1547 4142 in
1579 4080 1761 4144 filium
1785 4127 1803 4156 ,
1833 4102 1895 4144 ut
1921 4085 2100 4165 patris
2127 4079 2365 4143 similem

429 4187 510 4248 ita
540 4179 958 4268 compressum,
988 4205 1048 4246 ut
1085 4188 1148 4252 in
1176 4186 1312 4250 duas
1478 4196 1534 4251 &
1582 4188 1652 4248 ab
1695 4168 1825 4270 ipso
1858 4188 2156 4247 educatum
2183 4228 2206 4256 ,
2252 4183 2365 4245 fer-

427 4314 622 4375 partcs
652 4289 876 4356 sciffum
897 4296 1203 4358 videretur.
1477 4316 1603 4369 tur,
1633 4296 1777 4354 mire
1807 4288 2032 4354 delusus
2055 4292 2365 4358 ostenditut

505 4425 543 4483 -3
591 4405 852 4484 Demea,
890 4428 1121 4472 memor
1172 4407 1328 4470 disti
1478 4406 1673 4472 senex.
1931 4478 1995 4554 E

2046 4507 2087 4580 3
