2809 5234
581 886 2013 966 HEAUTONTIMORUMENOS.

2117 924 2125 930 ’
2165 918 2293 992 273

392 1055 644 1122 Aurum
677 1103 700 1137 ‚
757 1069 953 1145 atque
991 1047 1241 1124 'vestem
1267 1100 1295 1141 ,
1330 1049 1486 1148 qui:
1537 1069 1718 1124 tenes
1757 1077 1842 1125 ne
1879 1069 1897 1102 ¹
1929 1053 1960 1126 ?
2016 1052 2306 1128 acom-

730 1193 917 1267 paret
946 1171 977 1244 ἲ
2215 1204 2307 1273 30

392 1304 461 1368 S.
488 1298 559 1369 ld
588 1294 816 1391 ipsum.
872 1299 943 1366 C.
973 1314 1038 1368 at
1063 1321 1195 1395 ego
1232 1296 1323 1368 illi
1354 1322 1478 1373 nec
1511 1297 1601 1369 do
1624 1350 1647 1386 ‚
1676 1323 1798 1370 nec
1836 1297 2217 1396 despondeo
2250 1315 2306 1372 ².

391 1428 459 1494 S.
518 1422 676 1492 Non
706 1418 734 1489 ἓ
778 1443 973 1515 quam
1000 1421 1092 1491 ob
1119 1445 1257 1493 rem
1289 1420 1317 1492 Ρ
1367 1426 1438 1493 C.
1467 1447 1665 1518 quam
1693 1422 1786 1494 ob
1817 1447 1957 1496 rem
1981 1477 2004 1515 ,
2043 1450 2148 1496 me
2192 1449 2308 1495 ro-

734 1543 900 1639 gas?
946 1543 1289 1617 homini....
1326 1551 1394 1616 S.
1437 1564 1509 1618 ut
1541 1546 1742 1618 lubet.

392 1669 553 1741 Non
586 1691 714 1764 ego
738 1665 1035 1738 dicebam
1062 1664 1128 1737 in
1159 1688 1549 1764 perpetuum
1582 1669 1757 1741 illam
1786 1660 1876 1742 illi
1906 1688 1977 1743 ut
2003 1669 2232 1743 dares:

394 1796 642 1865 Verum
687 1812 760 1862 ut
809 1788 1156 1864 simulares.
1208 1797 1273 1865 G
1312 1816 1452 1864 non
1501 1817 1644 1864 mea
1685 1791 1778 1869 est
1818 1792 2147 1867 simulatio
2181 1810 2258 1870 3:

397 1920 491 1988 Ita
527 1934 602 1987 tu
638 1913 830 1986 istaec
875 1932 983 1985 tua
1015 1912 1331 2005 misceto,
1371 1939 1457 1988 ne
1501 1941 1609 1990 me
1650 1917 2001 1992 admisceas
2033 1935 2087 1989 ⁴.
2218 1942 2299 2017 35

392 2036 653 2137 Egon’‚
692 2036 801 2112 cui
847 2037 1116 2110 daturus
1149 2062 1287 2111 non
1339 2038 1455 2109 fim
1482 2093 1504 2126 ,
1529 2063 1602 2112 ut
1627 2040 1687 2112 ei
1719 2039 2208 2135 despondeant?

393 2170 463 2236 S.
504 2163 893 2236 Credebam.
940 2162 1012 2232 C.
1036 2160 1335 2234 minime.
1368 2171 1443 2236 S.
1482 2163 1636 2237 scite
1673 2183 1934 2261 poterat
1975 2163 2165 2239 fieri:

287 2336 298 2352 .
391 2289 476 2358 Et
515 2310 647 2383 ego
670 2287 803 2359 hoc
831 2333 853 2370 ‚
888 2284 1042 2383 quia
1070 2285 1317 2358 dudum
1359 2308 1434 2359 tu
1471 2305 1814 2384 tantopere
1849 2286 2108 2360 iufferas
2144 2303 2166 2345 ς
2188 2341 2211 2376 ,

393 2413 498 2482 Eo
558 2408 774 2505 coepi.
838 2412 908 2479 C.
960 2408 1189 2482 credo.
1264 2419 1338 2484 S.
1395 2430 1686 2486 ceterum
1738 2410 2048 2508 equidem
2097 2411 2260 2485 istuc
2286 2465 2310 2502 ‚

735 2530 1025 2603 Chreme
1053 2583 1078 2620 ,

399 2651 615 2750 Aequi
652 2650 945 2750 bonique
979 2652 1010 2700 ⁶
1040 2652 1238 2727 facio.
1268 2657 1339 2728 C.
1372 2651 1556 2754 atqui
1593 2679 1746 2729 cum
1784 2680 2088 2730 maxume
2214 2680 2309 2749 40

486 2872 509 2912 1
546 2849 744 2932 Quam
785 2847 1037 2911 insidiose
1066 2847 1296 2910 seniex·

400 2949 660 3030 plendum
682 2948 955 3028 relinquit,
975 2964 1033 3005 ut
1056 2947 1097 3004 is
1114 2962 1298 3006 tamen

396 3044 594 3126 aliquid
642 3039 929 3102 conieciss'e
972 3038 1072 3099 fibi
1108 3039 1301 3098 videa-

396 3153 499 3199 tur.
535 3135 607 3195 Et
625 3134 829 3212 expleri
859 3132 1112 3192 facillime
1141 3147 1297 3211 pote-

397 3246 495 3288 rat.
526 3225 699 3285 Simul
718 3223 1029 3284 familiarius
1058 3227 1166 3307 agit
1187 3223 1297 3305 Sy-

398 3345 487 3382 rus
504 3369 525 3395 ,
557 3342 670 3403 quo
698 3321 869 3402 magis
894 3317 1195 3406 sejusmuet
1225 3319 1297 3378 ad

400 3414 575 3498 ipsum
598 3415 726 3476 dein
748 3413 948 3476 felicius
972 3412 1282 3474 fallendum.

479 3533 514 3573 2
545 3510 679 3572 Hoc
708 3506 1025 3590 responsum
1054 3506 1153 3568 fibi
1178 3508 1296 3568 sore

396 3587 612 3668 abono
643 3610 773 3667 viro
795 3652 817 3677 ‚
869 3606 960 3685 qui
1004 3603 1121 3683 ipse
1166 3603 1300 3662 alios

397 3699 578 3761 fallere
610 3719 725 3756 non
762 3698 916 3769 vult,
954 3695 1296 3775 praeviderat

398 3789 592 3868 Syrus,
639 3787 839 3865 Neque
869 3789 1014 3846 enim
1042 3787 1228 3846 servus
1265 3808 1299 3844 a

401 3875 558 3939 Men.
600 3873 691 3934 sed
726 3875 795 3932 ab
839 3873 957 3951 ipso
1003 3875 1300 3935 Chremete

396 3965 692 4051 quaerebat
728 3981 1029 4047 argentum.
1087 3964 1299 4025 Consta

396 4061 493 4124 ista
521 4061 590 4122 de
615 4058 783 4130 dolo,
809 4077 973 4139 quem
996 4056 1064 4115 ad
1099 4056 1305 4116 Menc-

400 4158 625 4218 demum
651 4156 934 4224 moliatur,
961 4155 1172 4235 garriit,
1194 4172 1306 4211 non

400 4273 471 4311 ex
490 4255 678 4311 animo
708 4251 856 4310 dixit.
876 4247 1178 4331 Longiores
1191 4267 1308 4305 am-

402 4341 567 4428 bages
588 4346 793 4428 quaerit
823 4339 1068 4425 insidians
1098 4339 1221 4401 seni.

1500 2869 1530 2930 3
1560 2849 1647 2911 En
1669 2852 1852 2913 virum
1873 2873 2071 2914 verum
2094 2857 2156 2919 δ(
2179 2852 2316 2914 sun-

1412 2947 1629 3028 plicem.
1669 2946 1777 3008 Sed
1811 2947 1942 3007 tales
1979 2947 2179 3009 facilius
2214 2970 2313 3010 ca·-

1415 3044 1631 3121 piuntur
1664 3040 1820 3099 dolis.

1453 3155 1493 3207 4
1514 3132 1888 3193 Nihilominus
1908 3133 2312 3210 admiscebitur,

1412 3225 1477 3286 &
1514 3225 1905 3304 despondebit,
1936 3229 2022 3286 cui
2047 3227 2175 3287 dare
2211 3249 2313 3288 no-

1411 3321 1542 3395 luit·,
1564 3319 1636 3381 cf.
1658 3317 1795 3378 infra
1830 3318 1986 3380 scena
2015 3340 2064 3402 ς.
2097 3321 2234 3381 Inde
2266 3345 2316 3382 e·

1416 3416 1485 3473 rit
1518 3416 1858 3496 praeparatio
1905 3414 1975 3473 ad
2014 3415 2142 3480 Aet.
2181 3417 2240 3478 V
2275 3415 2314 3481 s.

1413 3510 1826 3591 explicationem
1847 3508 2079 3574 fabulae.

1504 3622 1530 3685 5
1556 3600 1898 3683 Obsequium
1921 3601 2131 3664 simulat
2149 3650 2168 3677 ,
2201 3627 2315 3687 quo

1413 3695 1484 3754 ad
1521 3695 1925 3758 excusationem
1964 3698 2075 3781 doli
2118 3721 2316 3777 parum

1416 3787 1558 3846 reRe
1592 3789 1888 3867 excogitati
1933 3789 2207 3858 abutitur,
2253 3791 2317 3847 &

1416 3876 1488 3934 ab
1508 3877 1610 3934 hac
1627 3877 1966 3939 excusatione
1985 3882 2204 3958 propi-‚ts
2223 3898 2319 3958 ag-

1414 3968 1648 4046 greditur
1669 3967 1846 4027 minus
1859 3967 2213 4048 suspicantem
2227 3971 2321 4027 in-

1423 4055 1600 4118 sidias.

1504 4152 1542 4211 6
1561 4154 1656 4213 int.
1686 4152 1876 4225 causa,
1898 4153 1952 4213 h.
1982 4142 2318 4213 e.l1tiuvern

1424 4245 1589 4320 alios,
1626 4243 1787 4326 iisque
1823 4244 2046 4325 prosim.

1944 4419 1987 4490 S

2280 4808 2289 4817 ,
2338 4578 2544 4802 ,ἓν
