2809 5234
947 950 1810 1027 EUNUCHUS.
2223 956 2352 1029 161

423 1116 565 1193 ffifi
583 1115 826 1191 amasse
844 1115 1052 1191 credo
1073 1113 1509 1212 Pamphilam.
1545 1119 1615 1187 T.
1641 1116 1830 1206 hem,
1853 1113 2085 1188 misera
2103 1115 2361 1211 occidi,

389 1260 394 1267 '
424 1241 662 1316 Infelix
688 1295 712 1332 ‚
744 1241 795 1314 s1
828 1220 1100 1337 quidem
1149 1260 1225 1312 tu
1267 1237 1508 1311 isthaec
1544 1263 1706 1312 vera
1751 1239 2108 1337 praedicas.

428 1369 618 1442 Num
664 1365 735 1440 id
765 1364 1083 1436 lacrumat
1118 1362 1371 1461 virgo?
1415 1366 1498 1438 P.
1525 1362 1595 1436 id
1619 1363 1895 1462 opinor.
1935 1367 2012 1439 T.
2038 1363 2200 1464 quid
2226 1362 2363 1456 ais,·

787 1487 1096 1586 sacrilega
1115 1484 1147 1557 ἒ

436 1609 756 1686 Istuccine
791 1610 1213 1686 interminata
1255 1609 1395 1683 sum
1433 1607 1591 1684 hinc
1629 1607 1856 1683 abiens
1892 1608 2069 1684 tibi?

439 1740 521 1809 P.
557 1735 748 1830 Quid
789 1731 1128 1807 facerem?
1156 1731 1254 1807 ita
1275 1752 1350 1806 ut
1376 1752 1453 1806 tu
1475 1731 1663 1822 iusti,
1694 1732 1815 1805 soli
1849 1732 2100 1807 credita
2126 1731 2241 1808 est.
2277 1760 2359 1840 ις

444 1863 528 1936 Τ.
568 1856 885 1949 Scelesta,
924 1881 1130 1934 ovem
1163 1856 1330 1954 lupo
1367 1871 1388 1904 ¹
1427 1856 1781 1930 commisti.
1826 1858 2171 1956 dispudet,

441 1982 569 2060 8ὶό
594 1982 758 2057 mihi
800 1983 948 2056 da'ta
989 1979 1123 2055 effe
1158 1979 1387 2056 verba.
1418 1993 1449 2027 ²
1496 1980 1663 2079 quid
1694 1979 1852 2056 illuc
1893 1984 2189 2058 hominis
2221 1983 2367 2058 est?

441 2092 525 2182 P.
562 2108 741 2182 Hera
776 2132 922 2182 mea
959 2104 1162 2197 tace}
1197 2104 1522 2191 obsecro,
1556 2103 1766 2178 salvae
1807 2106 2071 2181 sumus:

442 2232 778 2307 Habemus
813 2230 1160 2304 hominem
1203 2228 1444 2327 ipsum.
1494 2231 1571 2303 Τ.
1608 2227 1726 2301 ubi
1768 2229 1822 2302 is
1862 2228 2012 2304 est?
2049 2231 2206 2305 hem
2230 2285 2255 2325 ,
2285 2231 2372 2308 ad

772 2352 1091 2429 sinistram

446 2477 655 2603 Vides
687 2478 824 2553 nei
873 2480 950 2551 T.
978 2407 1211 2591 yiddo,
1257 2480 1341 2552 P.
1370 2477 1769 2575 comprendi
1803 2476 1958 2554 iube
1977 2530 2002 2570 ,
2047 2500 2374 2579 quantum

784 2598 1021 2696 potest.
2150 2651 2155 2656 -
2281 2629 2378 2680 ιο

451 2724 527 2794 Τ.
552 2719 742 2816 Quid
767 2721 885 2794 illo
919 2735 944 2786 3
973 2719 1288 2797 faciemus
1312 2721 1542 2797 stulta?
1574 2723 1656 2798 P.
1668 2723 1843 2824 ,quid
1868 2723 2106 2820 facias,
2131 2728 2326 2830 'rogas
2341 2728 2377 2802 ?

455 2843 630 2918 Vide
663 2844 907 2919 amabo
926 2898 954 2935 ,
985 2843 1035 2919 fi
1061 2869 1203 2920 non
1222 2899 1246 2936 ‚
1280 2872 1436 2921 cum
1470 2847 1740 2946 aspicias
1759 2903 1783 2937 ,
1820 2873 1898 2920 os
1928 2850 2281 2950 impudens

453 2968 736 3046 Videtur
745 2977 797 3046 ⁴.
809 2972 1033 3047 Tmou
1043 2967 1160 3046 est.
1184 2985 1205 3034 5
1226 2977 1307 3047 P.
1323 2990 1491 3066 tum,
1502 2997 1672 3074 quae
1687 2970 1825 3045 eius
1843 2966 2245 3056 cbnfidentia
2262 2971 2383 3052 est.

544 3223 569 3265 ι
608 3203 783 3268 Bentl.
812 3146 1073 3285 coritmifi3
1095 3206 1254 3268 male.
1558 3226 1599 3281 4
1634 3201 1802 3263 Haud
1829 3200 1942 3263 fere
1974 3201 2219 3277 habens,
2248 3202 2381 3284 quid

541 3317 576 3357 2
611 3294 945 3377 Conspicata
976 3295 1150 3356 subito
1178 3296 1364 3358 Chae-
1481 3293 1807 3378 respondeat
1823 3340 1843 3370 ,
1881 3291 2002 3352 vult
2020 3336 2040 3366 ,
2075 3291 2344 3353 credimus
2359 3337 2384 3366 ‚

454 3404 642 3459 ream,
670 3384 765 3447 sed
797 3404 910 3447 non
938 3381 1120 3447 statim
1160 3387 1357 3470 agnos·
1477 3387 1666 3448 heram
1677 3386 1986 3464 incendere,
2007 3401 2067 3444 ut
2082 3382 2196 3467 ipsa
2217 3405 2399 3466 quae--
2526 3415 2575 3457 e,

457 3500 591 3543 cens
609 3522 632 3552 ,
659 3482 864 3563 quaerit
889 3482 1022 3564 quid
1049 3481 1182 3543 illuc
1210 3483 1323 3544 διο.
1479 3498 1596 3554 rat,
1632 3480 1919 3564 quomodo
1950 3478 2287 3542 ulciscendus
2320 3478 2410 3542 fit·

548 3592 577 3655 3
601 3572 690 3636 Sic
726 3574 922 3638 Faern.
946 3576 1010 3638 &
1046 3576 1132 3637 alii
1158 3578 1361 3658 optimi
1477 3575 1824 3651 adolescens,
1844 3579 1995 3639 cuius
2014 3579 2385 3660 intemperan-

459 3668 651 3733 codd.
684 3667 758 3731 cf.
807 3668 986 3732 Andr.
1026 3669 1148 3744 111,
1196 3691 1264 3753 ς,
1299 3668 1354 3730 8.
1478 3672 1553 3730 tia
1572 3669 1667 3731 vel
1698 3691 1770 3731 ex
1807 3668 1928 3752 ipso
1970 3671 2128 3733 vultu
2165 3670 2393 3755 conspiz

461 3759 588 3833 lv,
619 3782 691 3832 2,
735 3764 830 3824 26.
880 3762 999 3824 Ad.
1031 3762 1270 3838 lv,4,
1309 3783 1365 3825 2.
1484 3763 1701 3824 euasit.

431 3923 444 3933 ‚
462 3871 530 3914 ac
565 3852 782 3913 Plautus
821 3851 1016 3932 pnssim
1029 3853 1207 3932 facere
1228 3854 1378 3915 abla-
1565 3865 1608 3938 ’ς
1651 3855 1744 3916 Al.
1775 3854 1840 3916 &
1861 3854 1971 3916 hoc
1992 3877 2027 3917 a
2044 3855 2249 3938 Pyffiia
2267 3859 2390 3920 dic-

445 3943 591 4003 .tivo
612 3940 819 4022 iungit,
843 3958 904 4000 ut
923 3942 977 3999 in
1003 3940 1123 4003 Mil.
1149 3943 1281 4022 quid
1297 3943 1368 4001 it-
1481 3960 1603 4005 tum
1638 3945 1882 4006 tribuunt
1930 3946 2133 4008 Thaidi
2179 3966 2392 4030 praeter

466 4037 526 4100 la
560 4033 829 4119 faciemus
877 4035 1183 4095 concubina.
1261 4033 1372 4096 Sed
1488 4037 1719 4101 sensum.
1779 4040 2114 4120 Confidentia
2144 4043 2201 4102 h.
2237 4045 2272 4102 l.
2310 4042 2392 4103 est

431 4178 438 4185 .
468 4128 625 4199 m'ulfi
660 4132 840 4217 scripti
872 4132 936 4194 &
965 4130 1093 4194 edd.
1138 4129 1260 4205 illi,
1300 4131 1378 4191 uti
1492 4131 1741 4195 audacia.
1777 4133 1886 4196 Sed
1923 4135 2183 4218 quorsum
2215 4133 2398 4197 Thais

471 4226 609 4296 mox
629 4230 727 4307 V,¹
749 4251 807 4301 2,
837 4248 908 4290 ιο
928 4227 992 4289 8(
1016 4224 1175 4308 supra
1201 4223 1377 4287 Andr.
1492 4224 1638 4287 hanc
1699 4245 1891 4310 arguat
1922 4274 1945 4301 ,
1991 4250 2122 4289 cum
2169 4231 2395 4295 mitiora

469 4324 536 4399 1,
564 4317 1378 4410 ¹,85.Itaqueueclmucrimu·⁴
1493 4316 1954 4383 confiliaiamiam
1981 4320 2162 4402 agitet.

477 4441 689 4485 namus.
891 4416 913 4447 ⁸
1849 4431 1853 4435 ’
