2809 5234
565 845 698 918 286
1065 841 1130 911 P.
1231 838 1295 911 Τ
1337 844 1386 911 Ε
1444 845 1491 909 R
1548 844 1601 911 E
1656 843 1713 910 N
1768 843 1830 913 T
1880 843 1906 915 1
1960 844 1984 914 1

555 1009 651 1078 M.
698 1003 880 1099 Quid
911 1005 937 1076 ἒ
971 1003 1132 1073 istuc
1172 1003 1394 1089 times,
1425 1003 1611 1097 quod
1651 1026 1926 1099 operam
1960 1003 2322 1102 amico-ille
2354 1011 2467 1086 dat

894 1127 1008 1198 suo
1049 1139 1065 1172 ¹
1104 1123 1133 1194 ἒ
2130 1150 2135 1157 ·
2334 1146 2339 1151 ’

556 1255 628 1325 C.
672 1255 885 1323 Immo
932 1244 1115 1371 quo-cl
1159 1241 1430 1333 amicae.
1472 1250 1574 1323 M.
1627 1247 1674 1321 fi
1708 1250 1837 1323 dat.
1876 1253 1949 1327 C.
1983 1276 2068 1326 an
2091 1252 2365 1335 dubium
2395 1256 2463 1332 id

883 1368 1002 1442 ribi
1050 1365 1142 1440 est
1173 1366 1202 1438 ἓ

548 1496 1053 1587 Quemquamne
1098 1489 1322 1562 animo
1346 1510 1485 1564 tam
1516 1507 1545 1541 2
1586 1494 1764 1568 comi
1789 1496 1918 1571 effe
1939 1551 1961 1589 ‚
1984 1518 2050 1573 et
2074 1501 2204 1575 leni
2228 1526 2414 1600 putas
2436 1559 2458 1596 ,

549 1614 698 1710 Qui
737 1613 799 1687 se
849 1613 1116 1688 vidente
1164 1613 1445 1687 amicam
1497 1617 1780 1713 patiatur
1825 1622 2004 1695 suam
2039 1626 2123 1698 3?
2179 1631 2279 1702 M.
2331 1631 2415 1700 ha
2443 1681 2464 1716 ‚

882 1738 964 1809 ha
987 1790 1009 1826 ,
1053 1737 1160 1809 he·
1740 1835 1745 1839 -
2361 1776 2458 1844 40

550 1860 861 1956 Quidni?
903 1886 1043 1959 quo
1092 1860 1294 1934 verba
1340 1858 1598 1935 facilius
1646 1863 1884 1938 dentur
1932 1870 2116 1942 mihi.

554 1991 626 2060 C.
662 1985 995 2060 Derides?
1030 1983 1267 2059 merito
1309 1985 1474 2057 mihi
1510 2012 1687 2059 nunc
1726 2012 1855 2085 ego
1894 1989 2264 2068 succenseo.

547 2112 741 2202 Quot
785 2133 886 2181 res
930 2110 1205 2199 dedere,
1245 2094 1360 2182 ubi
1400 2109 1649 2206 poss'em
1697 2110 2154 2208 persentiscere
2187 2132 2265 2203 ⁴,

550 2234 644 2307 Ni
672 2233 866 2306 effem
906 2232 1116 2328 lapis?
1171 2257 1335 2330 quae
1366 2233 1509 2305 vidi
1547 2250 1564 2294 ⁵
1606 2233 1625 2306 l
1668 2259 1789 2309 vae
1814 2233 2064 2341 ,misero
2105 2237 2307 2307 mihi!

550 2363 638 2431 At
685 2382 802 2430 nae
841 2357 1000 2429 illud
1046 2357 1220 2429 haud
1264 2334 1582 2443 immuni,
1629 2358 1677 2429 fi
1728 2359 1945 2447 vive,
1978 2357 2236 2433 ferent:
2360 2382 2445 2453 45

551 2482 723 2553 Nam
765 2481 914 2551 iarn.
942 2534 958 2552 .
986 2533 1005 2551 .
1038 2479 1068 2525 ⁶
1116 2484 1217 2552 M.
1247 2502 1386 2550 non
1425 2500 1494 2554 tu
1536 2501 1603 2558 te
1644 2481 1916 2557 cohibes
1944 2499 1976 2546 7
1997 2484 2026 2556 ?
2074 2507 2213 2554 non
2250 2498 2316 2556 te
2354 2507 2460 2555 re-

884 2602 1070 2697 spicis
1099 2603 1128 2674 ἓ

541 2726 705 2800 Non
729 2725 850 2798 tibi
875 2749 1003 2822 ego
1034 2725 1313 2822 exempli
1348 2724 1495 2798 satis
1525 2722 1720 2796 sum?
1785 2727 1855 2796 C.
1905 2749 2058 2821 prae
2083 2724 2415 2798 iracundia
2439 2780 2461 2815 ,

631 2933 657 2973 1
694 2911 919 2972 Urbane
951 2910 1135 2971 illudit.
1645 2931 1684 2983 4
1702 2907 1821 2968 Iam
1844 2927 2058 2968 memor
2078 2929 2295 2978 eorum,
2323 2929 2460 2988 quae

626 3005 761 3068 2Sic
779 3006 1231 3067 Faern.ediditex
1244 3005 1439 3068 Bemb.
1559 3002 1656 3085 ipsi
1689 3003 1893 3063 dudum
1926 3006 2128 3083 aperire
2168 3020 2462 3084 potuerunt

545 3104 608 3164 δι
645 3103 853 3162 νίξὶοτ.
883 3103 945 3162 ὃ(
970 3101 1039 3160 fic
1072 3101 1272 3160 habent
1301 3117 1436 3159 vett.
1559 3120 1678 3158 rem
1725 3118 1948 3158 omnem
1970 3143 1991 3174 ,
2034 3098 2241 3160 dolebit
2286 3103 2461 3180 magis

543 3198 667 3260 edd.
690 3197 865 3259 Tarv.
886 3197 948 3257 &
967 3195 1105 3276 Arg.
1134 3215 1179 3256 c.
1201 3192 1329 3275 figg.
1354 3192 1442 3252 Al.
1567 3193 1632 3253 δι
1655 3188 1920 3250 irascetur.

541 3314 680 3352 vero
717 3293 912 3372 pariter
959 3310 989 3348 e
1030 3287 1158 3349 libb.
1195 3287 1442 3346 malunt:
1651 3303 1679 3367 5
1708 3283 1778 3345 cf.
1800 3285 1924 3345 Aet.
1946 3283 2064 3358 111,
2100 3303 2148 3366 3.

551 3393 871 3469 Quemquam
917 3385 1091 3445 animo
1142 3403 1251 3443 tam
1300 3405 1438 3443 com-
1641 3382 1680 3442 6
1714 3382 2081 3462 Interpellatur
2110 3405 2143 3443 a
2191 3382 2460 3444 Menede-

547 3487 685 3544 mum'
719 3484 812 3564 ‘ffi'
844 3502 937 3541 aut
964 3483 1069 3540 leni
1093 3500 1277 3561 putas.
1321 3480 1447 3539 Un-
1564 3499 1662 3538 mo
1692 3523 1712 3549 ,
1749 3498 1861 3558 quo
1897 3481 2074 3539 minus
2115 3481 2301 3538 omnia
2348 3480 2458 3539 elo-

545 3575 613 3633 de
635 3593 868 3634 metrum
898 3573 1207 3654 impeditur,
1232 3572 1326 3631 nisi
1349 3595 1441 3632 ex·
1560 3589 1751 3651 quatur
1774 3616 1793 3642 ,
1814 3592 1952 3651 quae
1991 3575 2045 3631 in
2072 3573 2254 3631 animo
2280 3571 2461 3630 habet.

548 3689 755 3750 pungas
790 3679 846 3728 70
867 3669 976 3747 effi.
1013 3669 1195 3749 Atque
1223 3678 1279 3728 70
1306 3690 1443 3728 com-
1561 3664 1742 3726 Facile
1781 3665 1843 3725 sit
1874 3669 2176 3739 conficere,
2211 3665 2362 3725 illum
2400 3666 2466 3722 li·
2556 3716 2563 3722 .

550 3761 722 3819 munis
741 3758 1117 3840 significantius
1139 3762 1350 3835 videtur
1370 3761 1441 3820 ad
1561 3760 1708 3821 milia
1726 3761 1790 3818 iis
1820 3760 2090 3821 dieiurum
2118 3757 2269 3820 fuisse
2283 3805 2305 3832 ,
2326 3779 2464 3840 quae

548 3850 849 3909 humanum
878 3897 896 3925 ‚
932 3855 992 3912 &
1026 3856 1117 3935 qui
1148 3853 1238 3914 sua
1275 3876 1439 3915 com·
1559 3852 1715 3916 Simo
1755 3855 1916 3914 iratus
1950 3851 2128 3914 Andr·
2166 3850 2227 3911 V
2248 3895 2267 3924 ‚
2314 3871 2348 3908 2
2383 3848 2460 3927 sq·

547 3944 825 4016 municet‚
858 3939 1284 4022 significandum.
1567 3944 1664 4007 Cf.
1718 3945 1855 4004 infra
1902 3941 2077 4026 ipsum
2128 3939 2355 4004 Chrem.
2406 3959 2464 3997 v.

635 4057 662 4119 3
713 4039 805 4096 int.
841 4034 1140 4115 subagitari.
1191 4037 1301 4099 Sed
1334 4037 1444 4097 ho·
1563 4038 1641 4117 76
1672 4037 1788 4118 sqq.

547 4132 692 4194 neste
740 4130 1101 4212 interpellatur
1145 4153 1242 4212 per
1286 4132 1446 4192 risum
1641 4153 1680 4208 7
1724 4131 1925 4191 Iratum
1963 4125 2463 4192 vehementioribus

419 4288 430 4292 ,
549 4224 884 4288 Menedemi.
904 4223 1259 4284 Menedemus
1274 4225 1449 4284 ridens
1566 4223 1786 4287 monitis
1818 4222 2067 4284 cohibet·

549 4313 726 4376 reddit
739 4338 835 4399 par
854 4332 961 4396 pro
978 4314 1097 4395 pari
1113 4313 1266 4395 supra
1283 4336 1340 4376 v.
1359 4333 1379 4374 ι
1396 4324 1446 4393 3.
1834 4316 1841 4321 “
