<?xml version="1.0" encoding="UTF-8"?>
<!DOCTYPE html PUBLIC "-//W3C//DTD XHTML 1.0 Transitional//EN"
    "http://www.w3.org/TR/xhtml1/DTD/xhtml1-transitional.dtd">
<html xmlns="http://www.w3.org/1999/xhtml" xml:lang="en" lang="en">
 <head>
  <title>
</title>
<meta http-equiv="Content-Type" content="text/html;charset=utf-8" />
  <meta name='ocr-system' content='tesseract 3.04.00' />
  <meta name='ocr-capabilities' content='ocr_page ocr_carea ocr_par ocr_line ocrx_word'/>
</head>
<body>
  <div class='ocr_page' id='page_1' title='image "./publiiterentiia00teregoog_0473.png"; bbox 0 0 2809 5234; ppageno 0'>
   <div class='ocr_carea' id='block_1_1' title="bbox 462 787 1149 922">
    <p class='ocr_par' dir='ltr' id='par_1_1' title="bbox 462 787 1149 922">
     <span class='ocr_line' id='line_1_1' title="bbox 462 787 1149 922; baseline 0 -2"><span class='ocrx_word' id='word_1_1' title='bbox 462 843 836 922; x_wconf 61' lang='lat' dir='ltr'>ADELPHu</span> <span class='ocrx_word' id='word_1_2' title='bbox 1054 787 1149 920; x_wconf 55' lang='lat' dir='ltr'>nu</span> 
     </span>
    </p>
   </div>
   <div class='ocr_carea' id='block_1_2' title="bbox 127 1006 1196 1231">
    <p class='ocr_par' dir='ltr' id='par_1_2' title="bbox 127 1006 1196 1231">
     <span class='ocr_line' id='line_1_2' title="bbox 160 1006 1196 1122; baseline -0.002 -34"><span class='ocrx_word' id='word_1_3' title='bbox 160 1020 215 1089; x_wconf 88' lang='lat' dir='ltr'>D.</span> <span class='ocrx_word' id='word_1_4' title='bbox 241 1015 318 1113; x_wconf 82' lang='lat' dir='ltr'>Ego</span> <span class='ocrx_word' id='word_1_5' title='bbox 336 1035 425 1087; x_wconf 85' lang='lat' dir='ltr'>vero</span> <span class='ocrx_word' id='word_1_6' title='bbox 447 1009 579 1100; x_wconf 90' lang='lat' dir='ltr'>iubeo,</span> <span class='ocrx_word' id='word_1_7' title='bbox 608 1008 720 1081; x_wconf 84' lang='lat' dir='ltr'>ethae</span> <span class='ocrx_word' id='word_1_8' title='bbox 735 1030 798 1096; x_wconf 76' lang='lat' dir='ltr'>xe,</span> <span class='ocrx_word' id='word_1_9' title='bbox 818 1028 854 1117; x_wconf 80' lang='lat' dir='ltr'>et</span> <span class='ocrx_word' id='word_1_10' title='bbox 871 1006 944 1081; x_wconf 85' lang='lat' dir='ltr'>aliis</span> <span class='ocrx_word' id='word_1_11' title='bbox 968 1010 1132 1087; x_wconf 81' lang='lat' dir='ltr'>omnibus</span> <span class='ocrx_word' id='word_1_12' title='bbox 1187 1110 1196 1122; x_wconf 22' lang='grc' dir='ltr'>ὓ</span> 
     </span>
     <span class='ocr_line' id='line_1_3' title="bbox 127 1129 1129 1231; baseline -0.008 -20"><span class='ocrx_word' id='word_1_13' title='bbox 127 1204 129 1210; x_wconf 87' lang='grc'>.</span> <span class='ocrx_word' id='word_1_14' title='bbox 161 1139 279 1231; x_wconf 83' lang='lat' dir='ltr'>Quam</span> <span class='ocrx_word' id='word_1_15' title='bbox 301 1157 461 1208; x_wconf 83' lang='lat' dir='ltr'>maxume</span> <span class='ocrx_word' id='word_1_16' title='bbox 482 1156 586 1204; x_wconf 88' lang='lat' dir='ltr'>unam</span> <span class='ocrx_word' id='word_1_17' title='bbox 603 1129 717 1207; x_wconf 83' lang='lat' dir='ltr'>facere</span> <span class='ocrx_word' id='word_1_18' title='bbox 741 1153 807 1201; x_wconf 83' lang='lat' dir='ltr'>nos</span> <span class='ocrx_word' id='word_1_19' title='bbox 834 1129 920 1213; x_wconf 75' lang='lat' dir='ltr'>hane</span> <span class='ocrx_word' id='word_1_20' title='bbox 943 1130 1129 1224; x_wconf 87' lang='lat' dir='ltr'>familiam,</span> 
     </span>
    </p>
   </div>
   <div class='ocr_carea' id='block_1_3' title="bbox 161 1249 1285 1352">
    <p class='ocr_par' dir='ltr' id='par_1_3' title="bbox 161 1249 1285 1352">
     <span class='ocr_line' id='line_1_4' title="bbox 161 1249 1285 1352; baseline -0.012 -17"><span class='ocrx_word' id='word_1_21' title='bbox 161 1259 314 1352; x_wconf 87' lang='lat' dir='ltr'>Colere,</span> <span class='ocrx_word' id='word_1_22' title='bbox 340 1257 534 1345; x_wconf 82' lang='lat' dir='ltr'>adiuvare,</span> <span class='ocrx_word' id='word_1_23' title='bbox 565 1253 753 1349; x_wconf 81' lang='lat' dir='ltr'>adiungere</span> <span class='ocrx_word' id='word_1_24' title='bbox 774 1267 799 1326; x_wconf 84' lang='lat'>¹.</span> <span class='ocrx_word' id='word_1_25' title='bbox 816 1253 882 1325; x_wconf 63' lang='lat' dir='ltr'>*Au</span> <span class='ocrx_word' id='word_1_26' title='bbox 906 1250 955 1324; x_wconf 86' lang='lat' dir='ltr'>ita</span> <span class='ocrx_word' id='word_1_27' title='bbox 976 1249 1130 1351; x_wconf 82' lang='lat' dir='ltr'>quaeso,</span> <span class='ocrx_word' id='word_1_28' title='bbox 1280 1302 1285 1312; x_wconf 80' lang='lat'><em>-</em></span> 
     </span>
    </p>
   </div>
   <div class='ocr_carea' id='block_1_4' title="bbox 359 1377 495 1474">
    <p class='ocr_par' dir='ltr' id='par_1_4' title="bbox 359 1377 495 1474">
     <span class='ocr_line' id='line_1_5' title="bbox 359 1377 495 1474; baseline -0.007 -25"><span class='ocrx_word' id='word_1_29' title='bbox 359 1395 468 1474; x_wconf 87' lang='lat' dir='ltr'>pater.</span> <span class='ocrx_word' id='word_1_30' title='bbox 492 1377 495 1380; x_wconf 71' lang='grc'><strong>’</strong></span> 
     </span>
    </p>
   </div>
   <div class='ocr_carea' id='block_1_5' title="bbox 165 1522 1135 1604">
    <p class='ocr_par' dir='ltr' id='par_1_5' title="bbox 165 1522 1135 1604">
     <span class='ocr_line' id='line_1_6' title="bbox 165 1522 1135 1604; baseline 0.003 -3"><span class='ocrx_word' id='word_1_31' title='bbox 165 1533 222 1604; x_wconf 87' lang='grc' dir='ltr'>Μ.</span> <span class='ocrx_word' id='word_1_32' title='bbox 239 1527 340 1601; x_wconf 82' lang='lat' dir='ltr'>Haud</span> <span class='ocrx_word' id='word_1_33' title='bbox 354 1525 455 1599; x_wconf 87' lang='lat' dir='ltr'>aliter</span> <span class='ocrx_word' id='word_1_34' title='bbox 475 1522 600 1599; x_wconf 85' lang='lat' dir='ltr'>censeo</span> <span class='ocrx_word' id='word_1_35' title='bbox 619 1542 644 1596; x_wconf 85' lang='lat'>².</span> <span class='ocrx_word' id='word_1_36' title='bbox 665 1527 720 1597; x_wconf 93' lang='lat' dir='ltr'>D.</span> <span class='ocrx_word' id='word_1_37' title='bbox 736 1522 846 1599; x_wconf 89' lang='lat' dir='ltr'>immo</span> <span class='ocrx_word' id='word_1_38' title='bbox 866 1524 983 1602; x_wconf 86' lang='lat' dir='ltr'>hercle</span> <span class='ocrx_word' id='word_1_39' title='bbox 1001 1527 1051 1602; x_wconf 86' lang='lat' dir='ltr'>ita</span> <span class='ocrx_word' id='word_1_40' title='bbox 1067 1551 1135 1604; x_wconf 90' lang='grc' dir='ltr'>ιιο-</span> 
     </span>
    </p>
   </div>
   <div class='ocr_carea' id='block_1_6' title="bbox 366 1648 556 1757">
    <p class='ocr_par' dir='ltr' id='par_1_6' title="bbox 366 1648 556 1757">
     <span class='ocr_line' id='line_1_7' title="bbox 366 1648 556 1757; baseline 0.011 -37"><span class='ocrx_word' id='word_1_41' title='bbox 366 1648 426 1757; x_wconf 23' lang='lat' dir='ltr'>bis!</span> <span class='ocrx_word' id='word_1_42' title='bbox 443 1650 556 1722; x_wconf 86' lang='lat' dir='ltr'>decet.</span> 
     </span>
    </p>
   </div>
   <div class='ocr_carea' id='block_1_7' title="bbox 1114 1673 1133 1751">
    <p class='ocr_par' dir='ltr' id='par_1_7' title="bbox 1114 1673 1133 1751">
     <span class='ocr_line' id='line_1_8' title="bbox 1114 1673 1133 1751; baseline 0 0"><span class='ocrx_word' id='word_1_43' title='bbox 1114 1673 1133 1751; x_wconf 84' lang='lat'>5</span> 
     </span>
    </p>
   </div>
   <div class='ocr_carea' id='block_1_8' title="bbox 154 1789 1137 2007">
    <p class='ocr_par' dir='ltr' id='par_1_8' title="bbox 154 1789 1137 2007">
     <span class='ocr_line' id='line_1_9' title="bbox 166 1789 1137 1892; baseline 0.005 -28"><span class='ocrx_word' id='word_1_44' title='bbox 166 1792 319 1865; x_wconf 87' lang='lat' dir='ltr'>Primum</span> <span class='ocrx_word' id='word_1_45' title='bbox 336 1792 439 1866; x_wconf 85' lang='lat' dir='ltr'>huius</span> <span class='ocrx_word' id='word_1_46' title='bbox 459 1791 579 1864; x_wconf 85' lang='lat' dir='ltr'>uxoris</span> <span class='ocrx_word' id='word_1_47' title='bbox 594 1789 642 1863; x_wconf 88' lang='lat' dir='ltr'>est</span> <span class='ocrx_word' id='word_1_48' title='bbox 655 1807 766 1863; x_wconf 84' lang='lat' dir='ltr'>mater</span> <span class='ocrx_word' id='word_1_49' title='bbox 785 1813 809 1864; x_wconf 84' lang='lat'>³.</span> <span class='ocrx_word' id='word_1_50' title='bbox 828 1796 878 1867; x_wconf 89' lang='grc' dir='ltr'>Μ.</span> <span class='ocrx_word' id='word_1_51' title='bbox 891 1793 974 1892; x_wconf 87' lang='lat' dir='ltr'>quid</span> <span class='ocrx_word' id='word_1_52' title='bbox 990 1792 1137 1891; x_wconf 78' lang='lat' dir='ltr'>postea?</span> 
     </span>
     <span class='ocr_line' id='line_1_10' title="bbox 154 1911 1136 2007; baseline 0.003 -19"><span class='ocrx_word' id='word_1_53' title='bbox 154 1920 222 2007; x_wconf 66' lang='lat' dir='ltr'>l).</span> <span class='ocrx_word' id='word_1_54' title='bbox 245 1915 358 1989; x_wconf 84' lang='lat' dir='ltr'>Proba</span> <span class='ocrx_word' id='word_1_55' title='bbox 392 1932 440 2007; x_wconf 13' lang='lat' dir='ltr'>etl</span> <span class='ocrx_word' id='word_1_56' title='bbox 460 1911 626 1987; x_wconf 85' lang='lat' dir='ltr'>modesta.</span> <span class='ocrx_word' id='word_1_57' title='bbox 659 1916 713 1986; x_wconf 88' lang='lat' dir='ltr'>M.</span> <span class='ocrx_word' id='word_1_58' title='bbox 748 1914 798 1986; x_wconf 80' lang='lat' dir='ltr'>ita</span> <span class='ocrx_word' id='word_1_59' title='bbox 826 1916 934 1992; x_wconf 85' lang='lat' dir='ltr'>aiunt.</span> <span class='ocrx_word' id='word_1_60' title='bbox 968 1920 1021 1989; x_wconf 86' lang='lat' dir='ltr'>D.</span> <span class='ocrx_word' id='word_1_61' title='bbox 1053 1937 1136 2004; x_wconf 83' lang='lat' dir='ltr'>natu</span> 
     </span>
    </p>
   </div>
   <div class='ocr_carea' id='block_1_9' title="bbox 357 2045 533 2155">
    <p class='ocr_par' dir='ltr' id='par_1_9' title="bbox 357 2045 533 2155">
     <span class='ocr_line' id='line_1_11' title="bbox 357 2045 533 2155; baseline 0.006 -38"><span class='ocrx_word' id='word_1_62' title='bbox 357 2045 533 2155; x_wconf 71' lang='lat' dir='ltr'>grandim.</span> 
     </span>
    </p>
   </div>
   <div class='ocr_carea' id='block_1_10' title="bbox 170 2185 1140 2288">
    <p class='ocr_par' dir='ltr' id='par_1_10' title="bbox 170 2185 1140 2288">
     <span class='ocr_line' id='line_1_12' title="bbox 170 2185 1140 2288; baseline 0 -20"><span class='ocrx_word' id='word_1_63' title='bbox 170 2194 223 2268; x_wconf 82' lang='lat' dir='ltr'>M.</span> <span class='ocrx_word' id='word_1_64' title='bbox 238 2191 330 2267; x_wconf 86' lang='lat' dir='ltr'>Scio.</span> <span class='ocrx_word' id='word_1_65' title='bbox 347 2195 400 2265; x_wconf 87' lang='lat' dir='ltr'>D.</span> <span class='ocrx_word' id='word_1_66' title='bbox 421 2215 543 2288; x_wconf 85' lang='lat' dir='ltr'>parere</span> <span class='ocrx_word' id='word_1_67' title='bbox 560 2188 629 2264; x_wconf 83' lang='lat' dir='ltr'>iam</span> <span class='ocrx_word' id='word_1_68' title='bbox 651 2186 712 2261; x_wconf 86' lang='lat' dir='ltr'>diu</span> <span class='ocrx_word' id='word_1_69' title='bbox 738 2185 823 2260; x_wconf 83' lang='lat' dir='ltr'>haee</span> <span class='ocrx_word' id='word_1_70' title='bbox 847 2205 911 2283; x_wconf 85' lang='lat' dir='ltr'>per</span> <span class='ocrx_word' id='word_1_71' title='bbox 930 2211 1041 2265; x_wconf 84' lang='lat' dir='ltr'>annos</span> <span class='ocrx_word' id='word_1_72' title='bbox 1064 2217 1140 2268; x_wconf 87' lang='grc' dir='ltr'>ιιοιι</span> 
     </span>
    </p>
   </div>
   <div class='ocr_carea' id='block_1_11' title="bbox 370 2315 511 2412">
    <p class='ocr_par' dir='ltr' id='par_1_11' title="bbox 370 2315 511 2412">
     <span class='ocr_line' id='line_1_13' title="bbox 370 2315 511 2412; baseline -0.028 -22"><span class='ocrx_word' id='word_1_73' title='bbox 370 2315 485 2412; x_wconf 88' lang='lat' dir='ltr'>potest</span> <span class='ocrx_word' id='word_1_74' title='bbox 500 2341 511 2386; x_wconf 72' lang='grc' dir='ltr'>ι</span> 
     </span>
    </p>
   </div>
   <div class='ocr_carea' id='block_1_12' title="bbox 173 2451 1142 2673">
    <p class='ocr_par' dir='ltr' id='par_1_12' title="bbox 173 2451 1142 2673">
     <span class='ocr_line' id='line_1_14' title="bbox 173 2451 1142 2556; baseline -0.002 -23"><span class='ocrx_word' id='word_1_75' title='bbox 173 2459 270 2552; x_wconf 85' lang='lat' dir='ltr'>Nee,</span> <span class='ocrx_word' id='word_1_76' title='bbox 290 2457 352 2556; x_wconf 87' lang='lat' dir='ltr'>qui</span> <span class='ocrx_word' id='word_1_77' title='bbox 377 2480 452 2527; x_wconf 85' lang='lat' dir='ltr'>eam</span> <span class='ocrx_word' id='word_1_78' title='bbox 473 2452 658 2554; x_wconf 80' lang='lat' dir='ltr'>respiciat,</span> <span class='ocrx_word' id='word_1_79' title='bbox 676 2452 857 2554; x_wconf 83' lang='lat' dir='ltr'>quisquam</span> <span class='ocrx_word' id='word_1_80' title='bbox 875 2451 949 2527; x_wconf 83' lang='lat' dir='ltr'>est:</span> <span class='ocrx_word' id='word_1_81' title='bbox 982 2451 1056 2530; x_wconf 84' lang='lat' dir='ltr'>sola</span> <span class='ocrx_word' id='word_1_82' title='bbox 1080 2453 1142 2532; x_wconf 82' lang='lat' dir='ltr'>est.&#39;</span> 
     </span>
     <span class='ocr_line' id='line_1_15' title="bbox 374 2573 958 2673; baseline 0.012 -32"><span class='ocrx_word' id='word_1_83' title='bbox 374 2574 432 2644; x_wconf 88' lang='lat' dir='ltr'>M.</span> <span class='ocrx_word' id='word_1_84' title='bbox 462 2596 566 2670; x_wconf 85' lang='lat' dir='ltr'>quam</span> <span class='ocrx_word' id='word_1_85' title='bbox 595 2573 749 2648; x_wconf 87' lang='lat' dir='ltr'>hierem</span> <span class='ocrx_word' id='word_1_86' title='bbox 773 2574 873 2673; x_wconf 79' lang='lat' dir='ltr'>agit?</span> <span class='ocrx_word' id='word_1_87' title='bbox 955 2608 958 2614; x_wconf 94' lang='lat'>·</span> 
     </span>
    </p>
   </div>
   <div class='ocr_carea' id='block_1_13' title="bbox 176 2875 618 3070">
    <p class='ocr_par' dir='ltr' id='par_1_13' title="bbox 176 2875 618 3070">
     <span class='ocr_line' id='line_1_16' title="bbox 176 2875 618 2962; baseline -0.016 -19"><span class='ocrx_word' id='word_1_88' title='bbox 176 2879 242 2962; x_wconf 85' lang='lat' dir='ltr'>ipso</span> <span class='ocrx_word' id='word_1_89' title='bbox 253 2897 348 2942; x_wconf 77' lang='lat' dir='ltr'>tamen</span> <span class='ocrx_word' id='word_1_90' title='bbox 360 2875 403 2940; x_wconf 80' lang='lat' dir='ltr'>nil</span> <span class='ocrx_word' id='word_1_91' title='bbox 410 2875 534 2939; x_wconf 86' lang='lat' dir='ltr'>confecit</span> <span class='ocrx_word' id='word_1_92' title='bbox 544 2923 553 2951; x_wconf 92' lang='lat'>,</span> <span class='ocrx_word' id='word_1_93' title='bbox 565 2877 618 2937; x_wconf 70' lang='lat' dir='ltr'>nisi</span> 
     </span>
     <span class='ocr_line' id='line_1_17' title="bbox 177 2982 618 3070; baseline -0.002 -25"><span class='ocrx_word' id='word_1_94' title='bbox 177 2985 348 3059; x_wconf 87' lang='lat' dir='ltr'>honestum,</span> <span class='ocrx_word' id='word_1_95' title='bbox 361 2984 477 3070; x_wconf 88' lang='lat' dir='ltr'>&amp;quod</span> <span class='ocrx_word' id='word_1_96' title='bbox 494 2982 618 3045; x_wconf 71' lang='lat' dir='ltr'>familiae</span> 
     </span>
    </p>
   </div>
   <div class='ocr_carea' id='block_1_14' title="bbox 102 3091 628 4328">
    <p class='ocr_par' dir='ltr' id='par_1_14' title="bbox 102 3091 627 4013">
     <span class='ocr_line' id='line_1_18' title="bbox 178 3091 621 3172; baseline -0.011 -18"><span class='ocrx_word' id='word_1_97' title='bbox 178 3096 261 3154; x_wconf 87' lang='lat' dir='ltr'>omni</span> <span class='ocrx_word' id='word_1_98' title='bbox 275 3093 399 3165; x_wconf 85' lang='lat' dir='ltr'>laetum,</span> <span class='ocrx_word' id='word_1_99' title='bbox 419 3111 452 3152; x_wconf 85' lang='lat' dir='ltr'>ac</span> <span class='ocrx_word' id='word_1_100' title='bbox 468 3091 535 3150; x_wconf 87' lang='lat' dir='ltr'>dein</span> <span class='ocrx_word' id='word_1_101' title='bbox 552 3112 621 3172; x_wconf 86' lang='lat' dir='ltr'><strong>pro·</strong></span> 
     </span>
     <span class='ocr_line' id='line_1_19' title="bbox 178 3198 620 3285; baseline -0.011 -20"><span class='ocrx_word' id='word_1_102' title='bbox 178 3203 306 3265; x_wconf 83' lang='lat' dir='ltr'>futurum</span> <span class='ocrx_word' id='word_1_103' title='bbox 343 3198 418 3262; x_wconf 83' lang='lat' dir='ltr'>effet.</span> <span class='ocrx_word' id='word_1_104' title='bbox 463 3202 620 3285; x_wconf 82' lang='lat' dir='ltr'>Egregium</span> 
     </span>
     <span class='ocr_line' id='line_1_20' title="bbox 179 3301 619 3390; baseline -0.011 -21"><span class='ocrx_word' id='word_1_105' title='bbox 179 3301 254 3370; x_wconf 65' lang='lat' dir='ltr'>ce&#39;rte</span> <span class='ocrx_word' id='word_1_106' title='bbox 274 3307 404 3380; x_wconf 67' lang='lat' dir='ltr'>fastum,</span> <span class='ocrx_word' id='word_1_107' title='bbox 426 3327 485 3390; x_wconf 72' lang='lat' dir='ltr'>quq</span> <span class='ocrx_word' id='word_1_108' title='bbox 502 3305 619 3389; x_wconf 73' lang='lat' dir='ltr'>Hegio-</span> 
     </span>
     <span class='ocr_line' id='line_1_21' title="bbox 180 3409 623 3494; baseline 0 -22"><span class='ocrx_word' id='word_1_109' title='bbox 180 3414 231 3487; x_wconf 86' lang='lat' dir='ltr'>ni,</span> <span class='ocrx_word' id='word_1_110' title='bbox 248 3416 311 3472; x_wconf 86' lang='lat' dir='ltr'>viro</span> <span class='ocrx_word' id='word_1_111' title='bbox 325 3409 527 3485; x_wconf 80' lang='lat' dir='ltr'>honestiffimo,</span> <span class='ocrx_word' id='word_1_112' title='bbox 541 3433 623 3494; x_wconf 85' lang='lat' dir='ltr'>prae·</span> 
     </span>
     <span class='ocr_line' id='line_1_22' title="bbox 180 3517 622 3600; baseline -0.002 -21"><span class='ocrx_word' id='word_1_113' title='bbox 180 3520 272 3580; x_wconf 75' lang='lat' dir='ltr'>mium</span> <span class='ocrx_word' id='word_1_114' title='bbox 287 3541 303 3580; x_wconf 85' lang='lat' dir='ltr'>a</span> <span class='ocrx_word' id='word_1_115' title='bbox 318 3517 404 3581; x_wconf 72' lang='lat' dir='ltr'>fratte</span> <span class='ocrx_word' id='word_1_116' title='bbox 421 3518 622 3600; x_wconf 82' lang='lat' dir='ltr'>expostulave-</span> 
     </span>
     <span class='ocr_line' id='line_1_23' title="bbox 181 3621 620 3705; baseline -0.002 -22"><span class='ocrx_word' id='word_1_117' title='bbox 181 3643 233 3683; x_wconf 82' lang='lat' dir='ltr'><strong>rat.</strong></span> <span class='ocrx_word' id='word_1_118' title='bbox 249 3621 377 3704; x_wconf 82' lang='lat' dir='ltr'>Sieipse,</span> <span class='ocrx_word' id='word_1_119' title='bbox 392 3624 437 3684; x_wconf 85' lang='lat' dir='ltr'>vel</span> <span class='ocrx_word' id='word_1_120' title='bbox 457 3645 545 3705; x_wconf 86' lang='lat' dir='ltr'>poeta</span> <span class='ocrx_word' id='word_1_121' title='bbox 566 3645 620 3702; x_wconf 83' lang='lat' dir='ltr'>pet</span> 
     </span>
     <span class='ocr_line' id='line_1_24' title="bbox 182 3727 623 3806; baseline 0.002 -22"><span class='ocrx_word' id='word_1_122' title='bbox 182 3727 277 3806; x_wconf 86' lang='lat' dir='ltr'>ipsum</span> <span class='ocrx_word' id='word_1_123' title='bbox 293 3728 394 3784; x_wconf 81' lang='lat' dir='ltr'>direxit</span> <span class='ocrx_word' id='word_1_124' title='bbox 418 3727 623 3806; x_wconf 79' lang='lat' dir='ltr'>humauitatem</span> 
     </span>
     <span class='ocr_line' id='line_1_25' title="bbox 183 3829 623 3899; baseline -0.007 -9"><span class='ocrx_word' id='word_1_125' title='bbox 183 3829 305 3899; x_wconf 59' lang='lat' dir='ltr'>finiris,</span> <span class='ocrx_word' id='word_1_126' title='bbox 326 3833 448 3889; x_wconf 79' lang='lat' dir='ltr'>conexit</span> <span class='ocrx_word' id='word_1_127' title='bbox 470 3839 498 3890; x_wconf 74' lang='grc' dir='ltr'>δι</span> <span class='ocrx_word' id='word_1_128' title='bbox 521 3830 623 3888; x_wconf 74' lang='lat' dir='ltr'>secun-</span> 
     </span>
     <span class='ocr_line' id='line_1_26' title="bbox 102 3929 627 4013; baseline -0.01 -18"><span class='ocrx_word' id='word_1_129' title='bbox 102 3950 103 3953; x_wconf 75' lang='grc'>’</span> <span class='ocrx_word' id='word_1_130' title='bbox 186 3933 262 3994; x_wconf 84' lang='lat' dir='ltr'>davit</span> <span class='ocrx_word' id='word_1_131' title='bbox 275 3933 307 3991; x_wconf 89' lang='lat' dir='ltr'>in</span> <span class='ocrx_word' id='word_1_132' title='bbox 323 3931 409 4004; x_wconf 88' lang='lat' dir='ltr'><strong>loco,</strong></span> <span class='ocrx_word' id='word_1_133' title='bbox 425 3929 535 4013; x_wconf 84' lang='lat' dir='ltr'>utplus</span> <span class='ocrx_word' id='word_1_134' title='bbox 550 3951 627 3990; x_wconf 87' lang='lat' dir='ltr'>nunc</span> 
     </span>
    </p>

    <p class='ocr_par' dir='ltr' id='par_1_15' title="bbox 185 4035 625 4122">
     <span class='ocr_line' id='line_1_27' title="bbox 185 4035 625 4122; baseline -0.018 -20"><span class='ocrx_word' id='word_1_135' title='bbox 185 4039 217 4102; x_wconf 80' lang='lat' dir='ltr'>fit</span> <span class='ocrx_word' id='word_1_136' title='bbox 236 4040 324 4112; x_wconf 85' lang='lat' dir='ltr'>boni,</span> <span class='ocrx_word' id='word_1_137' title='bbox 338 4059 424 4122; x_wconf 78' lang='lat' dir='ltr'>quam</span> <span class='ocrx_word' id='word_1_138' title='bbox 438 4057 522 4098; x_wconf 82' lang='lat' dir='ltr'>antea</span> <span class='ocrx_word' id='word_1_139' title='bbox 535 4035 625 4111; x_wconf 79' lang='lat' dir='ltr'>mali,</span> 
     </span>
    </p>

    <p class='ocr_par' dir='ltr' id='par_1_16' title="bbox 134 4130 628 4328">
     <span class='ocr_line' id='line_1_28' title="bbox 185 4130 628 4232; baseline -0.016 -22"><span class='ocrx_word' id='word_1_140' title='bbox 185 4157 214 4210; x_wconf 86' lang='lat'>&amp;</span> <span class='ocrx_word' id='word_1_141' title='bbox 228 4150 253 4208; x_wconf 86' lang='lat' dir='ltr'>is</span> <span class='ocrx_word' id='word_1_142' title='bbox 270 4149 320 4232; x_wconf 84' lang='lat' dir='ltr'>qui</span> <span class='ocrx_word' id='word_1_143' title='bbox 330 4130 445 4228; x_wconf 56' lang='lat' dir='ltr'>&#39;primus</span> <span class='ocrx_word' id='word_1_144' title='bbox 459 4145 535 4208; x_wconf 78' lang='lat' dir='ltr'>mala</span> <span class='ocrx_word' id='word_1_145' title='bbox 546 4142 628 4205; x_wconf 87' lang='lat' dir='ltr'>resci-</span> 
     </span>
     <span class='ocr_line' id='line_1_29' title="bbox 134 4253 628 4328; baseline -0.008 -11"><span class='ocrx_word' id='word_1_146' title='bbox 134 4267 138 4271; x_wconf 84' lang='lat'>&#39;</span> <span class='ocrx_word' id='word_1_147' title='bbox 187 4273 281 4328; x_wconf 71' lang='lat' dir='ltr'>verat,</span> <span class='ocrx_word' id='word_1_148' title='bbox 300 4257 401 4315; x_wconf 74' lang='lat' dir='ltr'>austor</span> <span class='ocrx_word' id='word_1_149' title='bbox 420 4256 478 4315; x_wconf 84' lang='lat' dir='ltr'>iam</span> <span class='ocrx_word' id='word_1_150' title='bbox 498 4253 529 4314; x_wconf 85' lang='lat' dir='ltr'>fit</span> <span class='ocrx_word' id='word_1_151' title='bbox 547 4253 628 4313; x_wconf 86' lang='lat' dir='ltr'>boni.</span> 
     </span>
    </p>
   </div>
   <div class='ocr_carea' id='block_1_15' title="bbox 228 4355 630 4436">
    <p class='ocr_par' dir='ltr' id='par_1_17' title="bbox 228 4355 630 4436">
     <span class='ocr_line' id='line_1_30' title="bbox 228 4355 630 4436; baseline 0.01 -17"><span class='ocrx_word' id='word_1_152' title='bbox 228 4379 247 4434; x_wconf 67' lang='grc' dir='ltr'>,ι</span> <span class='ocrx_word' id='word_1_153' title='bbox 283 4358 398 4420; x_wconf 79' lang='lat' dir='ltr'>Colimus</span> <span class='ocrx_word' id='word_1_154' title='bbox 424 4359 519 4421; x_wconf 79' lang='lat' dir='ltr'><strong>bonos</strong></span> <span class='ocrx_word' id='word_1_155' title='bbox 531 4405 541 4436; x_wconf 91' lang='lat'><strong>,</strong></span> <span class='ocrx_word' id='word_1_156' title='bbox 566 4355 588 4422; x_wconf 84' lang='lat' dir='ltr'>l.</span> <span class='ocrx_word' id='word_1_157' title='bbox 610 4379 630 4423; x_wconf 76' lang='lat' dir='ltr'>a</span> 
     </span>
    </p>
   </div>
   <div class='ocr_carea' id='block_1_16' title="bbox 699 2880 1146 3074">
    <p class='ocr_par' dir='ltr' id='par_1_18' title="bbox 699 2880 1146 3074">
     <span class='ocr_line' id='line_1_31' title="bbox 701 2880 1142 2965; baseline 0.02 -26"><span class='ocrx_word' id='word_1_158' title='bbox 701 2880 803 2962; x_wconf 85' lang='lat' dir='ltr'>quibus</span> <span class='ocrx_word' id='word_1_159' title='bbox 822 2881 899 2943; x_wconf 84' lang='lat' dir='ltr'>bona</span> <span class='ocrx_word' id='word_1_160' title='bbox 921 2883 1142 2965; x_wconf 74' lang='lat' dir='ltr'>accepimus,l.</span> 
     </span>
     <span class='ocr_line' id='line_1_32' title="bbox 699 2988 1146 3074; baseline 0.007 -26"><span class='ocrx_word' id='word_1_161' title='bbox 699 3009 718 3048; x_wconf 85' lang='lat' dir='ltr'>a</span> <span class='ocrx_word' id='word_1_162' title='bbox 737 2988 839 3072; x_wconf 87' lang='lat' dir='ltr'>quibus</span> <span class='ocrx_word' id='word_1_163' title='bbox 851 2989 960 3048; x_wconf 89' lang='lat' dir='ltr'>bonum</span> <span class='ocrx_word' id='word_1_164' title='bbox 974 3012 1064 3071; x_wconf 85' lang='lat' dir='ltr'>porro</span> <span class='ocrx_word' id='word_1_165' title='bbox 1077 2993 1146 3074; x_wconf 85' lang='lat' dir='ltr'>spe-</span> 
     </span>
    </p>
   </div>
   <div class='ocr_carea' id='block_1_17' title="bbox 702 3096 1253 3178">
    <p class='ocr_par' dir='ltr' id='par_1_19' title="bbox 702 3096 1253 3178">
     <span class='ocr_line' id='line_1_33' title="bbox 702 3096 1253 3178; baseline 0.005 -25"><span class='ocrx_word' id='word_1_166' title='bbox 702 3113 797 3169; x_wconf 84' lang='lat' dir='ltr'>ratur;</span> <span class='ocrx_word' id='word_1_167' title='bbox 834 3096 992 3154; x_wconf 77' lang='lat' dir='ltr'>adiuvamus</span> <span class='ocrx_word' id='word_1_168' title='bbox 1022 3097 1145 3178; x_wconf 83' lang='lat' dir='ltr'>inopcs;</span> <span class='ocrx_word' id='word_1_169' title='bbox 1251 3132 1253 3134; x_wconf 95' lang='lat'>·</span> 
     </span>
    </p>
   </div>
   <div class='ocr_carea' id='block_1_18' title="bbox 701 3202 1225 4330">
    <p class='ocr_par' dir='ltr' id='par_1_20' title="bbox 701 3202 1225 3590">
     <span class='ocr_line' id='line_1_34' title="bbox 701 3202 1225 3287; baseline 0.006 -26"><span class='ocrx_word' id='word_1_170' title='bbox 701 3203 868 3285; x_wconf 63' lang='lat' dir='ltr'>adiungimus</span> <span class='ocrx_word' id='word_1_171' title='bbox 893 3202 1036 3276; x_wconf 85' lang='lat' dir='ltr'>amicitia,</span> <span class='ocrx_word' id='word_1_172' title='bbox 1062 3224 1145 3262; x_wconf 89' lang='lat' dir='ltr'>com·</span> <span class='ocrx_word' id='word_1_173' title='bbox 1223 3282 1225 3287; x_wconf 13' lang='lat'><strong>¹</strong></span> 
     </span>
     <span class='ocr_line' id='line_1_35' title="bbox 702 3304 1145 3387; baseline 0.002 -21"><span class='ocrx_word' id='word_1_174' title='bbox 702 3307 782 3366; x_wconf 82' lang='lat' dir='ltr'>modi</span> <span class='ocrx_word' id='word_1_175' title='bbox 806 3304 903 3379; x_wconf 84' lang='lat' dir='ltr'>causa,</span> <span class='ocrx_word' id='word_1_176' title='bbox 924 3326 998 3375; x_wconf 83' lang='lat' dir='ltr'>eos,</span> <span class='ocrx_word' id='word_1_177' title='bbox 1021 3326 1145 3387; x_wconf 80' lang='lat' dir='ltr'>quorum</span> 
     </span>
     <span class='ocr_line' id='line_1_36' title="bbox 704 3403 1146 3493; baseline 0.005 -23"><span class='ocrx_word' id='word_1_178' title='bbox 704 3408 808 3471; x_wconf 69' lang='lat' dir='ltr'>similes</span> <span class='ocrx_word' id='word_1_179' title='bbox 840 3409 953 3485; x_wconf 79' lang='lat' dir='ltr'>sumus,</span> <span class='ocrx_word' id='word_1_180' title='bbox 978 3403 1033 3471; x_wconf 86' lang='lat' dir='ltr'>effe</span> <span class='ocrx_word' id='word_1_181' title='bbox 1062 3414 1146 3493; x_wconf 83' lang='lat' dir='ltr'>cupi·</span> 
     </span>
     <span class='ocr_line' id='line_1_37' title="bbox 704 3517 1043 3590; baseline 0 -13"><span class='ocrx_word' id='word_1_182' title='bbox 704 3536 878 3590; x_wconf 81' lang='lat' dir='ltr'>mus,ee1te</span> <span class='ocrx_word' id='word_1_183' title='bbox 899 3517 1043 3579; x_wconf 78' lang='lat' dir='ltr'>debemus.</span> 
     </span>
    </p>

    <p class='ocr_par' dir='ltr' id='par_1_21' title="bbox 705 3621 1148 3808">
     <span class='ocr_line' id='line_1_38' title="bbox 743 3621 1148 3703; baseline 0.017 -23"><span class='ocrx_word' id='word_1_184' title='bbox 743 3646 757 3680; x_wconf 75' lang='grc' dir='ltr'>ι</span> <span class='ocrx_word' id='word_1_185' title='bbox 779 3621 872 3681; x_wconf 86' lang='lat' dir='ltr'>Micio</span> <span class='ocrx_word' id='word_1_186' title='bbox 896 3645 950 3703; x_wconf 84' lang='lat' dir='ltr'>pro</span> <span class='ocrx_word' id='word_1_187' title='bbox 979 3623 1026 3685; x_wconf 82' lang='lat' dir='ltr'>sua</span> <span class='ocrx_word' id='word_1_188' title='bbox 1049 3625 1148 3688; x_wconf 75' lang='lat' dir='ltr'>huma·</span> 
     </span>
     <span class='ocr_line' id='line_1_39' title="bbox 705 3727 983 3808; baseline 0.011 -21"><span class='ocrx_word' id='word_1_189' title='bbox 705 3729 793 3788; x_wconf 84' lang='lat' dir='ltr'>nitate</span> <span class='ocrx_word' id='word_1_190' title='bbox 811 3727 983 3808; x_wconf 78' lang='lat' dir='ltr'>obsequitur.</span> 
     </span>
    </p>

    <p class='ocr_par' dir='ltr' id='par_1_22' title="bbox 708 3834 1151 4330">
     <span class='ocr_line' id='line_1_40' title="bbox 749 3834 1150 3910; baseline 0.03 -18"><span class='ocrx_word' id='word_1_191' title='bbox 749 3854 764 3910; x_wconf 82' lang='lat'>3</span> <span class='ocrx_word' id='word_1_192' title='bbox 794 3834 905 3893; x_wconf 83' lang='lat' dir='ltr'>Demea</span> <span class='ocrx_word' id='word_1_193' title='bbox 926 3837 984 3895; x_wconf 84' lang='lat' dir='ltr'>iam</span> <span class='ocrx_word' id='word_1_194' title='bbox 1012 3842 1150 3905; x_wconf 72' lang='lat' dir='ltr'>inducere</span> 
     </span>
     <span class='ocr_line' id='line_1_41' title="bbox 708 3933 1148 4022; baseline 0.027 -31"><span class='ocrx_word' id='word_1_195' title='bbox 708 3939 788 4013; x_wconf 91' lang='lat' dir='ltr'>cupit</span> <span class='ocrx_word' id='word_1_196' title='bbox 811 3933 925 3995; x_wconf 78' lang='lat' dir='ltr'>fratrem</span> <span class='ocrx_word' id='word_1_197' title='bbox 945 3941 982 3998; x_wconf 85' lang='lat' dir='ltr'>ad</span> <span class='ocrx_word' id='word_1_198' title='bbox 1006 3946 1148 4022; x_wconf 86' lang='lat' dir='ltr'>nuptias,</span> 
     </span>
     <span class='ocr_line' id='line_1_42' title="bbox 708 4037 1149 4123; baseline 0.025 -28"><span class='ocrx_word' id='word_1_199' title='bbox 708 4037 842 4123; x_wconf 73' lang='lat' dir='ltr'>priuique</span> <span class='ocrx_word' id='word_1_200' title='bbox 859 4040 937 4102; x_wconf 77' lang='lat' dir='ltr'>aflert</span> <span class='ocrx_word' id='word_1_201' title='bbox 950 4045 1074 4104; x_wconf 85' lang='lat' dir='ltr'>tationes</span> <span class='ocrx_word' id='word_1_202' title='bbox 1086 4067 1149 4106; x_wconf 86' lang='lat' dir='ltr'>mu·</span> 
     </span>
     <span class='ocr_line' id='line_1_43' title="bbox 709 4147 1151 4233; baseline 0.034 -30"><span class='ocrx_word' id='word_1_203' title='bbox 709 4147 811 4220; x_wconf 87' lang='lat' dir='ltr'>vendi,</span> <span class='ocrx_word' id='word_1_204' title='bbox 837 4157 864 4209; x_wconf 91' lang='lat'>&amp;</span> <span class='ocrx_word' id='word_1_205' title='bbox 889 4171 961 4233; x_wconf 86' lang='lat' dir='ltr'>quae</span> <span class='ocrx_word' id='word_1_206' title='bbox 976 4171 1076 4216; x_wconf 77' lang='lat' dir='ltr'>contra</span> <span class='ocrx_word' id='word_1_207' title='bbox 1089 4154 1151 4218; x_wconf 77' lang='lat' dir='ltr'>sua·</span> 
     </span>
     <span class='ocr_line' id='line_1_44' title="bbox 711 4251 943 4330; baseline 0.017 -16"><span class='ocrx_word' id='word_1_208' title='bbox 711 4251 814 4330; x_wconf 82' lang='lat' dir='ltr'>deant,</span> <span class='ocrx_word' id='word_1_209' title='bbox 833 4256 943 4322; x_wconf 77' lang='lat' dir='ltr'>evertit.</span> 
     </span>
    </p>
   </div>
   <div class='ocr_carea' id='block_1_19' title="bbox 0 0 1451 5234">
    <p class='ocr_par' dir='ltr' id='par_1_23' title="bbox 0 0 1451 5234">
     <span class='ocr_line' id='line_1_45' title="bbox 0 0 1451 5234; baseline 0 0"><span class='ocrx_word' id='word_1_210' title='bbox 0 0 1451 5234; x_wconf 95' lang='lat' dir='ltr'> </span> 
     </span>
    </p>
   </div>
  </div>
 </body>
</html>
