2809 5234
209 906 279 988 ²52
472 882 954 960 urinum

208 1044 317 1139 Quod
329 1043 357 1118 is
369 1039 523 1135 iubebit,
538 1045 672 1123 faciam.
684 1057 727 1124 D.
741 1049 865 1125 mulier
873 1047 1007 1146 sapiens
1015 1073 1070 1144 es,
1084 1052 1190 1131 Nau:

394 1168 534 1243 sistrata.

207 1296 254 1366 N.
269 1290 375 1365 Satin‘
389 1292 454 1364 tibi
471 1293 538 1382 est,
550 1287 727 1396 Chreme?
747 1308 780 1370 c.
801 1296 910 1370 immo
926 1321 1015 1373 vero
1031 1299 1194 1396 pulchre

415 1415 577 1509 discedo,
599 1440 634 1491 et
652 1419 787 1517 probe,

205 1540 251 1611 Et
270 1560 407 1636 praeter
423 1539 528 1636 spem.
548 1549 594 1615 N.
611 1544 729 1615 turibi
751 1568 881 1616 nomen
898 1542 954 1617 dic
974 1543 1075 1643 quod
1091 1545 1147 1619 est
1165 1560 1193 1622 ’ὲ

397 1663 442 1733 Ρ.
463 1661 547 1732 min’
565 1668 577 1733 ?
594 1664 784 1735 Phormio:

207 1779 357 1863 ,Vostrae
384 1779 532 1854 familiae
564 1782 680 1859 hercle
708 1785 866 1875 amicus,
884 1804 918 1858 et
946 1805 1009 1860 tuo
1030 1787 1193 1862 summus

404 1902 603 1978 Phaedriae.
1142 1917 1194 1985 60

213 2012 261 2101 N.
281 2023 462 2119 Phormio,
476 2049 512 2101 ar
527 2054 594 2127 ego
612 2027 745 2104 ecastor
757 2025 899 2126 posthac
911 2030 988 2119 tibi,
1004 2039 1107 2129 quod
1124 2061 1196 2135 po-⁴

411 2166 512 2238 tero,
532 2168 566 2222 et
582 2175 670 2248 quae
687 2150 811 2237 voles,

212 2268 437 2367 Faciamque,
455 2289 491 2343 et
506 2272 628 2343 dicam.
646 2273 686 2361 R.
700 2268 851 2369 benigne
870 2267 965 2343 dicis.
977 2273 1023 2343 N.
1036 2273 1100 2368 pol
1116 2294 1196 2361 me<

403 2390 509 2462 ritum
527 2386 575 2459 est
592 2405 705 2461 tuum.
746 2390 751 2406 '

215 2519 262 2590 P.
279 2512 362 2585 Vin’
372 2515 521 2610 primum
536 2512 643 2586 hodie
657 2513 794 2605 facete,
810 2515 909 2613 quod
922 2538 989 2613 ego
1000 2518 1196 2617 gaudeam,

290 2680 302 2689 -
413 2627 648 2727 Nausistrata,

215 2761 260 2830 Et
282 2759 381 2857 quod
399 2776 463 2832 tuo
486 2760 565 2833 viro
586 2761 682 2834 oculi
705 2761 849 2835 doleant
866 2738 907 2834 ²¹?
926 2767 973 2837 N.
997 2763 1120 2859 cupio.
1142 2769 1189 2858 P,

409 2910 465 2960 me
486 2889 530 2961 ad
553 2914 701 2963 coenam
724 2915 816 2966 voca
836 2907 881 3003 ⁵·.

223 3140 296 3183 trem
317 3122 450 3184 damnate
468 3146 528 3185 non
540 3145 663 3206 poterut.
747 3124 896 3187 ssastidiat
906 3147 915 3201 ;
926 3124 961 3186 cs.
973 3123 1081 3188 Cioad
1092 3127 1150 3186 div.
1160 3125 1195 3200 Π,

224 3227 338 3292 Placete
356 3233 412 3292 iam
429 3230 516 3292 Nuus.
533 3216 666 3314 sulierest,
754 3243 788 3292 16
801 3279 809 3305 ,
822 3258 840 3305 4
851 3228 1102 3313 Nostin-oculorum
1112 3230 1197 3286 inho-

223 3356 257 3397 ut
270 3360 371 3399 omues
382 3339 449 3399 laeti
462 3339 572 3399 abeant.
749 3341 847 3399 minum
862 3337 1022 3417 insolentium
1042 3335 1199 3416 indignitate

267 3443 522 3528 1Lrviroviroque
531 3444 668 3506 exhilara·
744 3445 891 3525 fhflidium.
914 3444 1065 3503 Credimus
1080 3461 1203 3518 tamen,

227 3547 265 3606 tis
281 3550 456 3606 convertitur
468 3549 503 3607 ad
517 3547 669 3607 Phormio-
751 3544 782 3603 id
819 3540 970 3622 parasitum
1010 3542 1102 3624 magis
1139 3546 1203 3604 ioci

229 3671 314 3721 nem,
330 3649 395 3711 huic
405 3653 491 3712 etiam
505 3652 672 3714 benesrstu·
754 3651 835 3713 causa
849 3645 964 3722 dixisse,
976 3670 1060 3732 quam
1075 3669 1104 3709 ut
1118 3672 1206 3734 aegre

232 3780 272 3817 ra.
287 3760 589 3823 Dombeneadmorret
599 3809 609 3835 ,
619 3785 673 3844 po·
756 3761 861 3821 dicerer
884 3757 1041 3819 Chremeti.
1061 3761 1105 3820 lta
1124 3760 1206 3820 enirn

233 3869 372 3927 tentiorcs
394 3834 594 3931 blandimimis
612 3876 670 3946 uti,
749 3848 856 3930 ¹onmia
874 3889 1017 3941 evenere,
1039 3887 1069 3927 ut
1094 3889 1132 3926 ne
1149 3866 1206 3950 ipsi

234 3977 349 4059 quoties
369 3976 538 4037 inferiorum
553 3983 674 4040 nomina
756 3983 788 4036 in
816 3995 957 4056 perpetuo
990 3988 1068 4034 metu
1099 3973 1206 4035 versati

235 4091 414 4169 quterram&
427 4082 675 4164 audimhocipsos
758 4080 875 4151 liceret,
891 4062 929 4137 ¹ne
952 4101 1023 4137 uxor
1044 4078 1185 4141 resciscat.

237 4188 414 4272 compellent
432 4190 544 4265 statim3
565 4188 675 4250 cf.Ad.
802 4206 815 4261 3
849 4183 1038 4257 Beneficium,
1070 4206 1130 4268 quo
1163 4183 1209 4247 nil

236 4296 335 4371 ,Vm
352 4317 378 4372 3,
761 4288 851 4350 maius
871 4289 977 4372 accipit
996 4289 1145 4373 parasitus.

282 4405 374 4470 2de
388 4405 498 4481 visuro,
508 4425 594 4488 quem
604 4401 680 4463 nolit
766 4488 769 4493 ,
