<?xml version="1.0" encoding="UTF-8"?>
<!DOCTYPE html PUBLIC "-//W3C//DTD XHTML 1.0 Transitional//EN"
    "http://www.w3.org/TR/xhtml1/DTD/xhtml1-transitional.dtd">
<html xmlns="http://www.w3.org/1999/xhtml" xml:lang="en" lang="en">
 <head>
  <title>
</title>
<meta http-equiv="Content-Type" content="text/html;charset=utf-8" />
  <meta name='ocr-system' content='tesseract 3.04.00' />
  <meta name='ocr-capabilities' content='ocr_page ocr_carea ocr_par ocr_line ocrx_word'/>
</head>
<body>
  <div class='ocr_page' id='page_1' title='image "./publiiterentiia00teregoog_0721.png"; bbox 0 0 2809 5234; ppageno 0'>
   <div class='ocr_carea' id='block_1_1' title="bbox 101 215 945 520">
    <p class='ocr_par' dir='ltr' id='par_1_1' title="bbox 101 215 945 520">
     <span class='ocr_line' id='line_1_1' title="bbox 101 215 945 457; baseline -0.006 1"><span class='ocrx_word' id='word_1_1' title='bbox 101 215 432 457; x_wconf 84' lang='grc' dir='ltr'>-ΙΙ</span> <span class='ocrx_word' id='word_1_2' title='bbox 936 332 945 341; x_wconf 35' lang='lat' dir='ltr'><strong>u</strong></span> 
     </span>
     <span class='ocr_line' id='line_1_2' title="bbox 417 504 688 520; baseline -0.007 2"><span class='ocrx_word' id='word_1_3' title='bbox 417 504 424 509; x_wconf 86' lang='lat'>&#39;</span> <span class='ocrx_word' id='word_1_4' title='bbox 685 508 688 520; x_wconf 88' lang='grc' dir='ltr'>ι</span> 
     </span>
    </p>
   </div>
   <div class='ocr_carea' id='block_1_2' title="bbox 486 748 1141 844">
    <p class='ocr_par' dir='ltr' id='par_1_2' title="bbox 486 748 1141 844">
     <span class='ocr_line' id='line_1_3' title="bbox 486 748 1141 844; baseline -0.02 -12"><span class='ocrx_word' id='word_1_5' title='bbox 486 754 803 832; x_wconf 70' lang='lat' dir='ltr'>HECYRAJ</span> <span class='ocrx_word' id='word_1_6' title='bbox 1070 748 1141 844; x_wconf 78' lang='lat'>367</span> 
     </span>
    </p>
   </div>
   <div class='ocr_carea' id='block_1_3' title="bbox 123 904 1142 1367">
    <p class='ocr_par' dir='ltr' id='par_1_3' title="bbox 123 904 1142 1367">
     <span class='ocr_line' id='line_1_4' title="bbox 123 904 1142 1017; baseline -0.012 -21"><span class='ocrx_word' id='word_1_7' title='bbox 123 1012 126 1017; x_wconf 20' lang='grc'>1</span> <span class='ocrx_word' id='word_1_8' title='bbox 166 923 245 998; x_wconf 83' lang='lat' dir='ltr'>Par.</span> <span class='ocrx_word' id='word_1_9' title='bbox 261 926 373 997; x_wconf 88' lang='lat' dir='ltr'>Immo</span> <span class='ocrx_word' id='word_1_10' title='bbox 387 943 476 996; x_wconf 88' lang='lat' dir='ltr'>vero</span> <span class='ocrx_word' id='word_1_11' title='bbox 491 919 582 1010; x_wconf 90' lang='lat' dir='ltr'>scio,</span> <span class='ocrx_word' id='word_1_12' title='bbox 597 938 709 1015; x_wconf 89' lang='lat' dir='ltr'>neque</span> <span class='ocrx_word' id='word_1_13' title='bbox 729 915 798 986; x_wconf 88' lang='lat' dir='ltr'>hoc</span> <span class='ocrx_word' id='word_1_14' title='bbox 814 910 1015 1009; x_wconf 88' lang='lat' dir='ltr'>imprudens</span> <span class='ocrx_word' id='word_1_15' title='bbox 1027 904 1095 982; x_wconf 86' lang='lat' dir='ltr'>feci</span> <span class='ocrx_word' id='word_1_16' title='bbox 1115 920 1142 984; x_wconf 89' lang='lat'>¹.</span> 
     </span>
     <span class='ocr_line' id='line_1_5' title="bbox 366 1035 1022 1143; baseline -0.017 -25"><span class='ocrx_word' id='word_1_17' title='bbox 366 1037 462 1119; x_wconf 84' lang='lat' dir='ltr'>Pam.</span> <span class='ocrx_word' id='word_1_18' title='bbox 483 1068 549 1143; x_wconf 85' lang='lat' dir='ltr'>ego</span> <span class='ocrx_word' id='word_1_19' title='bbox 573 1041 660 1116; x_wconf 88' lang='lat' dir='ltr'>illuc</span> <span class='ocrx_word' id='word_1_20' title='bbox 675 1038 752 1112; x_wconf 86' lang='lat' dir='ltr'>satis</span> <span class='ocrx_word' id='word_1_21' title='bbox 768 1035 839 1109; x_wconf 92' lang='lat' dir='ltr'>scio</span> <span class='ocrx_word' id='word_1_22' title='bbox 856 1051 883 1107; x_wconf 92' lang='lat'>².</span> <span class='ocrx_word' id='word_1_23' title='bbox 910 1040 947 1109; x_wconf 79' lang='lat' dir='ltr'>B.</span> <span class='ocrx_word' id='word_1_24' title='bbox 977 1057 1022 1107; x_wconf 86' lang='lat' dir='ltr'>an</span> 
     </span>
     <span class='ocr_line' id='line_1_6' title="bbox 169 1151 1142 1266; baseline -0.015 -24"><span class='ocrx_word' id='word_1_25' title='bbox 169 1169 319 1243; x_wconf 86' lang='lat' dir='ltr'>Temere</span> <span class='ocrx_word' id='word_1_26' title='bbox 351 1168 542 1266; x_wconf 88' lang='lat' dir='ltr'>quidquam</span> <span class='ocrx_word' id='word_1_27' title='bbox 575 1165 746 1237; x_wconf 85' lang='lat' dir='ltr'>Parmeno</span> <span class='ocrx_word' id='word_1_28' title='bbox 779 1175 1008 1255; x_wconf 86' lang='lat' dir='ltr'>praetereat,</span> <span class='ocrx_word' id='word_1_29' title='bbox 1043 1151 1142 1254; x_wconf 90' lang='lat' dir='ltr'>quod</span> 
     </span>
     <span class='ocr_line' id='line_1_7' title="bbox 388 1292 698 1367; baseline -0.01 0"><span class='ocrx_word' id='word_1_30' title='bbox 388 1293 478 1367; x_wconf 71' lang='lat' dir='ltr'>fado</span> <span class='ocrx_word' id='word_1_31' title='bbox 501 1292 579 1366; x_wconf 82' lang='lat' dir='ltr'>usus</span> <span class='ocrx_word' id='word_1_32' title='bbox 601 1293 643 1365; x_wconf 86' lang='lat' dir='ltr'>fit</span> <span class='ocrx_word' id='word_1_33' title='bbox 663 1297 698 1364; x_wconf 83' lang='lat'>³?</span> 
     </span>
    </p>
   </div>
   <div class='ocr_carea' id='block_1_4' title="bbox 171 1402 1152 1880">
    <p class='ocr_par' dir='ltr' id='par_1_4' title="bbox 171 1402 1148 1633">
     <span class='ocr_line' id='line_1_8' title="bbox 171 1402 1148 1508; baseline 0 -29"><span class='ocrx_word' id='word_1_34' title='bbox 171 1410 265 1484; x_wconf 82' lang='lat' dir='ltr'>Pam.</span> <span class='ocrx_word' id='word_1_35' title='bbox 277 1413 428 1508; x_wconf 88' lang='lat' dir='ltr'>Sequere</span> <span class='ocrx_word' id='word_1_36' title='bbox 447 1433 502 1480; x_wconf 86' lang='lat' dir='ltr'>me</span> <span class='ocrx_word' id='word_1_37' title='bbox 519 1408 636 1499; x_wconf 89' lang='lat' dir='ltr'>intro,</span> <span class='ocrx_word' id='word_1_38' title='bbox 651 1408 821 1478; x_wconf 85' lang='lat' dir='ltr'>Parmeno</span> <span class='ocrx_word' id='word_1_39' title='bbox 838 1422 867 1477; x_wconf 86' lang='lat'>⁴.</span> <span class='ocrx_word' id='word_1_40' title='bbox 884 1405 962 1476; x_wconf 82' lang='lat' dir='ltr'>Par.</span> <span class='ocrx_word' id='word_1_41' title='bbox 977 1402 1104 1501; x_wconf 89' lang='lat' dir='ltr'>sequor</span> <span class='ocrx_word' id='word_1_42' title='bbox 1122 1417 1148 1480; x_wconf 80' lang='lat'>5.</span> 
     </span>
     <span class='ocr_line' id='line_1_9' title="bbox 358 1529 862 1633; baseline -0.008 -27"><span class='ocrx_word' id='word_1_43' title='bbox 358 1534 533 1633; x_wconf 60' lang='lat' dir='ltr'>&#39;equidem</span> <span class='ocrx_word' id='word_1_44' title='bbox 555 1531 632 1629; x_wconf 88' lang='lat' dir='ltr'>plus</span> <span class='ocrx_word' id='word_1_45' title='bbox 652 1531 758 1604; x_wconf 92' lang='lat' dir='ltr'>hodie</span> <span class='ocrx_word' id='word_1_46' title='bbox 775 1529 862 1603; x_wconf 89' lang='lat' dir='ltr'>boni</span> 
     </span>
    </p>

    <p class='ocr_par' dir='ltr' id='par_1_5' title="bbox 174 1634 1152 1880">
     <span class='ocr_line' id='line_1_10' title="bbox 174 1634 1150 1756; baseline -0.002 -26"><span class='ocrx_word' id='word_1_47' title='bbox 174 1658 252 1732; x_wconf 84' lang='lat' dir='ltr'>Feci</span> <span class='ocrx_word' id='word_1_48' title='bbox 264 1634 464 1756; x_wconf 79' lang='lat' dir='ltr'>imprudens</span> <span class='ocrx_word' id='word_1_49' title='bbox 478 1711 490 1746; x_wconf 91' lang='lat'>‚</span> <span class='ocrx_word' id='word_1_50' title='bbox 505 1682 611 1756; x_wconf 89' lang='lat' dir='ltr'>quam</span> <span class='ocrx_word' id='word_1_51' title='bbox 632 1653 741 1728; x_wconf 88' lang='lat' dir='ltr'>sciens</span> <span class='ocrx_word' id='word_1_52' title='bbox 758 1673 836 1729; x_wconf 83' lang='lat' dir='ltr'>ante</span> <span class='ocrx_word' id='word_1_53' title='bbox 860 1653 954 1730; x_wconf 90' lang='lat' dir='ltr'>hunc</span> <span class='ocrx_word' id='word_1_54' title='bbox 968 1650 1062 1745; x_wconf 78' lang='lat' dir='ltr'>diem</span> <span class='ocrx_word' id='word_1_55' title='bbox 1083 1680 1150 1728; x_wconf 89' lang='lat' dir='ltr'>un·</span> 
     </span>
     <span class='ocr_line' id='line_1_11' title="bbox 368 1778 1152 1880; baseline -0.001 -29"><span class='ocrx_word' id='word_1_56' title='bbox 368 1805 485 1880; x_wconf 83' lang='lat' dir='ltr'>quam.</span> <span class='ocrx_word' id='word_1_57' title='bbox 520 1778 688 1854; x_wconf 85' lang='lat' dir='ltr'>Plaudite.</span> <span class='ocrx_word' id='word_1_58' title='bbox 1101 1801 1152 1870; x_wconf 88' lang='lat'>40</span> 
     </span>
    </p>
   </div>
   <div class='ocr_carea' id='block_1_5' title="bbox 176 2015 1299 3246">
    <p class='ocr_par' dir='ltr' id='par_1_6' title="bbox 176 2015 1299 3246">
     <span class='ocr_line' id='line_1_12' title="bbox 223 2015 1286 2100; baseline -0.002 -19"><span class='ocrx_word' id='word_1_59' title='bbox 223 2040 237 2081; x_wconf 85' lang='grc' dir='ltr'><strong>ι</strong></span> <span class='ocrx_word' id='word_1_60' title='bbox 262 2019 371 2082; x_wconf 84' lang='lat' dir='ltr'>Seiam</span> <span class='ocrx_word' id='word_1_61' title='bbox 388 2017 459 2081; x_wconf 75' lang='lat' dir='ltr'>scire</span> <span class='ocrx_word' id='word_1_62' title='bbox 478 2015 622 2089; x_wconf 74' lang='lat' dir='ltr'>omniali·</span> <span class='ocrx_word' id='word_1_63' title='bbox 745 2043 764 2093; x_wconf 87' lang='lat'>4</span> <span class='ocrx_word' id='word_1_64' title='bbox 797 2017 966 2100; x_wconf 82' lang='lat' dir='ltr'>Pamphilus</span> <span class='ocrx_word' id='word_1_65' title='bbox 994 2038 1059 2078; x_wconf 82' lang='lat' dir='ltr'>cum</span> <span class='ocrx_word' id='word_1_66' title='bbox 1083 2018 1158 2079; x_wconf 82' lang='lat' dir='ltr'>Bac·</span> <span class='ocrx_word' id='word_1_67' title='bbox 1281 2034 1286 2051; x_wconf 92' lang='lat'><em>&#39;</em></span> 
     </span>
     <span class='ocr_line' id='line_1_13' title="bbox 179 2123 1072 2213; baseline -0.004 -24"><span class='ocrx_word' id='word_1_68' title='bbox 179 2125 339 2201; x_wconf 68' lang='lat' dir='ltr'>ululando,</span> <span class='ocrx_word' id='word_1_69' title='bbox 354 2125 454 2187; x_wconf 84' lang='lat' dir='ltr'>frustra</span> <span class='ocrx_word' id='word_1_70' title='bbox 474 2145 626 2207; x_wconf 82' lang='lat' dir='ltr'>perconta·</span> <span class='ocrx_word' id='word_1_71' title='bbox 709 2123 794 2184; x_wconf 80' lang='lat' dir='ltr'>chide</span> <span class='ocrx_word' id='word_1_72' title='bbox 817 2123 949 2186; x_wconf 84' lang='lat' dir='ltr'>abscedit.</span> <span class='ocrx_word' id='word_1_73' title='bbox 1067 2201 1072 2213; x_wconf 26' lang='lat' dir='ltr'>x</span> 
     </span>
     <span class='ocr_line' id='line_1_14' title="bbox 182 2225 1299 2313; baseline -0.005 -20"><span class='ocrx_word' id='word_1_74' title='bbox 182 2253 228 2293; x_wconf 91' lang='lat' dir='ltr'>tur</span> <span class='ocrx_word' id='word_1_75' title='bbox 240 2232 460 2313; x_wconf 88' lang='lat' dir='ltr'>herum,quem</span> <span class='ocrx_word' id='word_1_76' title='bbox 472 2251 506 2288; x_wconf 85' lang='lat' dir='ltr'>ex</span> <span class='ocrx_word' id='word_1_77' title='bbox 518 2228 568 2290; x_wconf 91' lang='lat' dir='ltr'>suo</span> <span class='ocrx_word' id='word_1_78' title='bbox 584 2233 629 2290; x_wconf 83' lang='lat' dir='ltr'>in·</span> <span class='ocrx_word' id='word_1_79' title='bbox 755 2228 881 2307; x_wconf 90' lang='lat' dir='ltr'>5Quod</span> <span class='ocrx_word' id='word_1_80' title='bbox 898 2227 991 2293; x_wconf 88' lang='lat' dir='ltr'>solum</span> <span class='ocrx_word' id='word_1_81' title='bbox 1005 2225 1160 2310; x_wconf 83' lang='lat' dir='ltr'>respondet</span> <span class='ocrx_word' id='word_1_82' title='bbox 1290 2285 1299 2305; x_wconf 65' lang='grc'><strong>,</strong></span> 
     </span>
     <span class='ocr_line' id='line_1_15' title="bbox 176 2332 1161 2419; baseline -0.003 -23"><span class='ocrx_word' id='word_1_83' title='bbox 176 2338 271 2419; x_wconf 79' lang='lat' dir='ltr'>&#39;genio</span> <span class='ocrx_word' id='word_1_84' title='bbox 291 2337 396 2395; x_wconf 80' lang='lat' dir='ltr'>iudicat</span> <span class='ocrx_word' id='word_1_85' title='bbox 410 2336 442 2405; x_wconf 91' lang='lat'>1,</span> <span class='ocrx_word' id='word_1_86' title='bbox 455 2359 488 2407; x_wconf 84' lang='lat'>2,</span> <span class='ocrx_word' id='word_1_87' title='bbox 503 2356 536 2412; x_wconf 84' lang='lat'>35</span> <span class='ocrx_word' id='word_1_88' title='bbox 549 2332 590 2416; x_wconf 88' lang='lat' dir='ltr'>sq.</span> <span class='ocrx_word' id='word_1_89' title='bbox 599 2355 632 2395; x_wconf 87' lang='lat' dir='ltr'>ac</span> <span class='ocrx_word' id='word_1_90' title='bbox 716 2335 841 2397; x_wconf 82' lang='lat' dir='ltr'>abeunti.</span> <span class='ocrx_word' id='word_1_91' title='bbox 863 2335 967 2397; x_wconf 82' lang='lat' dir='ltr'>Cetera</span> <span class='ocrx_word' id='word_1_92' title='bbox 976 2336 1011 2396; x_wconf 82' lang='lat' dir='ltr'>ad</span> <span class='ocrx_word' id='word_1_93' title='bbox 1020 2333 1161 2417; x_wconf 68' lang='lat' dir='ltr'>spedato-</span> 
     </span>
     <span class='ocr_line' id='line_1_16' title="bbox 186 2437 1163 2526; baseline -0.003 -25"><span class='ocrx_word' id='word_1_94' title='bbox 186 2444 320 2502; x_wconf 90' lang='lat' dir='ltr'>meritum</span> <span class='ocrx_word' id='word_1_95' title='bbox 350 2437 430 2499; x_wconf 86' lang='lat' dir='ltr'>suum</span> <span class='ocrx_word' id='word_1_96' title='bbox 457 2441 561 2513; x_wconf 67' lang='lat' dir='ltr'>instat,</span> <span class='ocrx_word' id='word_1_97' title='bbox 591 2460 628 2499; x_wconf 88' lang='lat' dir='ltr'>eo</span> <span class='ocrx_word' id='word_1_98' title='bbox 716 2461 760 2500; x_wconf 86' lang='lat' dir='ltr'>res</span> <span class='ocrx_word' id='word_1_99' title='bbox 774 2440 858 2511; x_wconf 86' lang='lat' dir='ltr'>dicit,</span> <span class='ocrx_word' id='word_1_100' title='bbox 881 2439 973 2501; x_wconf 81' lang='lat' dir='ltr'>latens</span> <span class='ocrx_word' id='word_1_101' title='bbox 985 2441 1101 2526; x_wconf 83' lang='lat' dir='ltr'>quidem</span> <span class='ocrx_word' id='word_1_102' title='bbox 1116 2441 1163 2523; x_wconf 84' lang='lat' dir='ltr'>ig·</span> 
     </span>
     <span class='ocr_line' id='line_1_17' title="bbox 186 2537 1164 2628; baseline 0 -25"><span class='ocrx_word' id='word_1_103' title='bbox 186 2544 267 2628; x_wconf 89' lang='lat' dir='ltr'>quod</span> <span class='ocrx_word' id='word_1_104' title='bbox 291 2541 464 2625; x_wconf 86' lang='lat' dir='ltr'>prudentem</span> <span class='ocrx_word' id='word_1_105' title='bbox 485 2540 513 2601; x_wconf 84' lang='lat' dir='ltr'>se</span> <span class='ocrx_word' id='word_1_106' title='bbox 535 2537 631 2601; x_wconf 84' lang='lat' dir='ltr'>fecllle</span> <span class='ocrx_word' id='word_1_107' title='bbox 718 2544 887 2628; x_wconf 76' lang='lat' dir='ltr'>normulam</span> <span class='ocrx_word' id='word_1_108' title='bbox 917 2540 1013 2620; x_wconf 84' lang='lat' dir='ltr'>suam3</span> <span class='ocrx_word' id='word_1_109' title='bbox 1040 2541 1088 2603; x_wconf 91' lang='lat' dir='ltr'>sed</span> <span class='ocrx_word' id='word_1_110' title='bbox 1119 2561 1164 2617; x_wconf 70' lang='lat' dir='ltr'>re·</span> 
     </span>
     <span class='ocr_line' id='line_1_18' title="bbox 185 2626 1272 2732; baseline -0.004 -23"><span class='ocrx_word' id='word_1_111' title='bbox 185 2647 279 2732; x_wconf 86' lang='lat' dir='ltr'>fingit.</span> <span class='ocrx_word' id='word_1_112' title='bbox 684 2626 691 2640; x_wconf 64' lang='grc'><strong>’</strong></span> <span class='ocrx_word' id='word_1_113' title='bbox 719 2665 788 2703; x_wconf 84' lang='lat' dir='ltr'>men</span> <span class='ocrx_word' id='word_1_114' title='bbox 829 2645 971 2730; x_wconf 89' lang='lat' dir='ltr'>quidquid</span> <span class='ocrx_word' id='word_1_115' title='bbox 1007 2643 1164 2728; x_wconf 84' lang='lat' dir='ltr'>Pamphilo</span> <span class='ocrx_word' id='word_1_116' title='bbox 1267 2678 1272 2685; x_wconf 92' lang='lat'><em>·</em></span> 
     </span>
     <span class='ocr_line' id='line_1_19' title="bbox 225 2751 1166 2839; baseline 0.004 -27"><span class='ocrx_word' id='word_1_117' title='bbox 225 2777 241 2812; x_wconf 88' lang='lat'><em>2</em></span> <span class='ocrx_word' id='word_1_118' title='bbox 256 2752 377 2836; x_wconf 85' lang='lat' dir='ltr'>Pamph.</span> <span class='ocrx_word' id='word_1_119' title='bbox 389 2752 461 2815; x_wconf 86' lang='lat' dir='ltr'>ridet</span> <span class='ocrx_word' id='word_1_120' title='bbox 476 2753 637 2815; x_wconf 86' lang='lat' dir='ltr'>hominem.</span> <span class='ocrx_word' id='word_1_121' title='bbox 719 2751 790 2811; x_wconf 84' lang='lat' dir='ltr'>boni</span> <span class='ocrx_word' id='word_1_122' title='bbox 800 2751 942 2839; x_wconf 68' lang='lat' dir='ltr'>contigit,</span> <span class='ocrx_word' id='word_1_123' title='bbox 953 2753 1001 2816; x_wconf 81' lang='lat' dir='ltr'>sua</span> <span class='ocrx_word' id='word_1_124' title='bbox 1011 2777 1101 2837; x_wconf 86' lang='lat' dir='ltr'>opera</span> <span class='ocrx_word' id='word_1_125' title='bbox 1109 2753 1166 2816; x_wconf 80' lang='lat' dir='ltr'><strong>fac·</strong></span> 
     </span>
     <span class='ocr_line' id='line_1_20' title="bbox 232 2860 1167 2944; baseline 0.002 -24"><span class='ocrx_word' id='word_1_126' title='bbox 232 2881 246 2939; x_wconf 85' lang='lat'>3</span> <span class='ocrx_word' id='word_1_127' title='bbox 264 2860 369 2921; x_wconf 84' lang='lat' dir='ltr'>Sensus</span> <span class='ocrx_word' id='word_1_128' title='bbox 387 2861 440 2924; x_wconf 78' lang='lat' dir='ltr'>fit:</span> <span class='ocrx_word' id='word_1_129' title='bbox 460 2862 535 2923; x_wconf 91' lang='lat' dir='ltr'>nihil</span> <span class='ocrx_word' id='word_1_130' title='bbox 549 2860 633 2924; x_wconf 78' lang='lat' dir='ltr'>facile</span> <span class='ocrx_word' id='word_1_131' title='bbox 717 2864 795 2922; x_wconf 72' lang='lat' dir='ltr'>stum</span> <span class='ocrx_word' id='word_1_132' title='bbox 809 2863 895 2923; x_wconf 73' lang='lat' dir='ltr'>instat</span> <span class='ocrx_word' id='word_1_133' title='bbox 911 2862 1079 2944; x_wconf 89' lang='lat' dir='ltr'>imprudens</span> <span class='ocrx_word' id='word_1_134' title='bbox 1090 2885 1167 2922; x_wconf 86' lang='lat' dir='ltr'>nun·</span> 
     </span>
     <span class='ocr_line' id='line_1_21' title="bbox 190 2952 1161 3054; baseline 0.004 -25"><span class='ocrx_word' id='word_1_135' title='bbox 190 2952 349 3042; x_wconf 83' lang='lat' dir='ltr'>Parmeno,</span> <span class='ocrx_word' id='word_1_136' title='bbox 370 2990 426 3050; x_wconf 89' lang='lat' dir='ltr'>pro</span> <span class='ocrx_word' id='word_1_137' title='bbox 434 2967 483 3030; x_wconf 81' lang='lat' dir='ltr'>sua</span> <span class='ocrx_word' id='word_1_138' title='bbox 505 2969 632 3053; x_wconf 84' lang='lat' dir='ltr'>diligen·</span> <span class='ocrx_word' id='word_1_139' title='bbox 717 2969 784 3030; x_wconf 82' lang='lat' dir='ltr'>tius.</span> <span class='ocrx_word' id='word_1_140' title='bbox 799 2967 1108 3054; x_wconf 83' lang='lat' dir='ltr'>Itaqueexplodendus</span> <span class='ocrx_word' id='word_1_141' title='bbox 1119 2972 1161 3032; x_wconf 84' lang='lat' dir='ltr'>est</span> 
     </span>
     <span class='ocr_line' id='line_1_22' title="bbox 193 3073 1036 3160; baseline 0.013 -27"><span class='ocrx_word' id='word_1_142' title='bbox 193 3074 233 3134; x_wconf 86' lang='lat' dir='ltr'>tia</span> <span class='ocrx_word' id='word_1_143' title='bbox 247 3077 457 3154; x_wconf 79' lang='lat' dir='ltr'>praetermittit,</span> <span class='ocrx_word' id='word_1_144' title='bbox 473 3077 552 3160; x_wconf 86' lang='lat' dir='ltr'>quod</span> <span class='ocrx_word' id='word_1_145' title='bbox 568 3075 636 3137; x_wconf 80' lang='lat' dir='ltr'>aliis</span> <span class='ocrx_word' id='word_1_146' title='bbox 718 3073 770 3137; x_wconf 85' lang='lat' dir='ltr'>ille</span> <span class='ocrx_word' id='word_1_147' title='bbox 789 3097 806 3138; x_wconf 79' lang='lat' dir='ltr'>e</span> <span class='ocrx_word' id='word_1_148' title='bbox 826 3075 1036 3158; x_wconf 75' lang='lat' dir='ltr'>plaudentibus.</span> 
     </span>
     <span class='ocr_line' id='line_1_23' title="bbox 193 3177 640 3246; baseline 0.013 -6"><span class='ocrx_word' id='word_1_149' title='bbox 193 3177 256 3241; x_wconf 76' lang='lat' dir='ltr'>usui</span> <span class='ocrx_word' id='word_1_150' title='bbox 274 3178 315 3242; x_wconf 82' lang='lat' dir='ltr'>fit.</span> <span class='ocrx_word' id='word_1_151' title='bbox 333 3203 359 3245; x_wconf 81' lang='lat' dir='ltr'>v.</span> <span class='ocrx_word' id='word_1_152' title='bbox 376 3184 507 3245; x_wconf 66' lang='lat' dir='ltr'>uenerit.</span> <span class='ocrx_word' id='word_1_153' title='bbox 519 3183 554 3244; x_wconf 82' lang='lat' dir='ltr'>ad</span> <span class='ocrx_word' id='word_1_154' title='bbox 568 3181 597 3244; x_wconf 86' lang='lat' dir='ltr'>h.</span> <span class='ocrx_word' id='word_1_155' title='bbox 611 3204 640 3246; x_wconf 76' lang='lat' dir='ltr'>v.</span> 
     </span>
    </p>
   </div>
   <div class='ocr_carea' id='block_1_6' title="bbox 0 0 1423 5234">
    <p class='ocr_par' dir='ltr' id='par_1_7' title="bbox 0 0 1423 5234">
     <span class='ocr_line' id='line_1_24' title="bbox 0 0 1423 5234; baseline 0 0"><span class='ocrx_word' id='word_1_156' title='bbox 0 0 1423 5234; x_wconf 95' lang='lat' dir='ltr'> </span> 
     </span>
    </p>
   </div>
  </div>
 </body>
</html>
