2809 5234
688 592 696 599 η

265 1059 267 1068 ’
343 1113 473 1188 PH1L.
524 1104 1023 1188 uuiuscuruouts

212 1273 1149 1352 PRAEFAT101NPUBMERENHUM

448 1483 928 1525 *Μ

597 1662 788 1755 Paedagogis

393 1817 559 1908 Philippus
582 1816 804 1886 Melontlulton
824 1818 858 1887 S.
874 1816 914 1888 P.
933 1814 986 1892 D.

221 1959 358 2134 CUm
377 2059 604 2153 Typograplrus
619 2060 665 2129 lu'e
686 2060 820 2132 Terentii
836 2060 1017 2132 Comoedias
1035 2062 1152 2135 residete

210 2181 354 2252 pararet,
369 2160 503 2251 rogavit,
519 2179 555 2226 ut
562 2157 600 2247 se
618 2159 653 2224 in
668 2159 783 2249 optimo
801 2157 920 2227 auflore
936 2162 1049 2231 edendo
1062 2188 1154 2256 reug*

216 2255 423 2347 noscendoque
440 2255 634 2330 adiutorem.
652 2254 724 2348 Ego
737 2281 804 2324 uero
817 2253 1007 2351 tometstnon
1014 2259 1156 2349 satisin⁴

212 2353 341 2451 slmilus
355 2349 441 2445 effim
454 2352 599 2422 veteribus
617 2353 784 2443 exemplis,
800 2349 912 2443 quibus
925 2354 961 2422 in
975 2356 1032 2424 tali
1044 2383 1072 2426 re
1087 2380 1157 2448 (pus

219 2473 304 2520 erat:
318 2473 420 2516 tamen
433 2450 555 2519 homini
567 2451 687 2536 amito,
700 2451 736 2518 in
743 2448 932 2544 sttnc'liffimo
952 2454 1068 2546 negotio
1078 2453 1158 2523 mlm‘
1244 2526 1256 2543 ‚

220 2541 317 2638 deeffe.
339 2548 427 2615 Nam
441 2547 516 2615 milri
526 2550 647 2638 quidem
656 2550 810 2637 praeclare
824 2549 926 2616 mereri
941 2551 975 2618 de
987 2549 1098 2642 Repub.
1109 2552 1159 2623 ui⁴

221 2648 349 2728 dentur,
363 2644 417 2733 qni
430 2643 484 2712 ltoe
497 2669 594 2736 genus
607 2643 782 2712 aufloribus
801 2645 942 2733 edendis,
952 2648 1160 2738 publicisllu·
1256 2674 1271 2708 r.

221 2743 286 2811 diis
301 2741 477 2830 consulunt.
510 2739 691 2827 Praesertim
709 2763 809 2810 autern
826 2741 880 2810 lroc
894 2763 1032 2835 tempore,
1044 2772 1108 2815 cun
1123 2747 1160 2815 in

217 2838 375 2930 pernitiem
390 2839 547 2906 literarum
556 2862 637 2929 pene
653 2834 834 2934 conspiraffe
849 2839 1056 2932 elralcogrtplti
1065 2845 1162 2913 videm

222 2958 293 3004 tur:
313 2960 377 3002 non
395 2935 556 3004 mediocris
568 2933 673 3028 gratia
693 2936 813 3004 debetur
829 2936 888 3017 iis,
900 2938 954 3025 qui
967 2943 1110 3009 nonnullo
1122 2940 1164 3009 rei

215 3032 392 3122 somilimis
400 3033 534 3120 periculo
549 3034 585 3099 in
603 3031 748 3101 ueteribus
762 3032 1007 3120 transscribendis
1022 3035 1164 3127 sumptus

216 3127 357 3220 finiunt.
391 3125 509 3220 Paffim
529 3131 612 3198 enim
629 3131 723 3198 nouis
740 3150 769 3197 et
787 3126 910 3221 insulfis
934 3131 1033 3206 libelis
1051 3157 1166 3226 magno

224 3251 350 3296 nurnero
361 3227 491 3316 quotidie
500 3226 740 3316 prodeuntibus,
754 3229 910 3296 [amunta
924 3248 1044 3297 veterem
1047 3230 1168 3320 scripta

224 3324 446 3416 opprimuntur.
479 3323 576 3392 Porro
597 3327 656 3393 vix
678 3328 760 3394 alius
778 3325 855 3394 liber
870 3323 927 3421 est,
948 3350 1027 3415 quen
1045 3327 1169 3417 perinde

225 3423 367 3490 omnium
391 3421 536 3491 manibus
555 3423 609 3489 teri
630 3421 759 3508 reserat,
781 3443 873 3512 atque
897 3423 956 3490 ltas
984 3423 1172 3494 Comoedias.

226 3520 314 3587 Nam
333 3521 649 3610 praeterquamquod
670 3515 871 3615 leonestiffima
894 3519 1029 3588 ciuiliun
1051 3545 1171 3589 morum

185 3623 187 3626 ’
227 3619 367 3703 extmplo
389 3616 435 3684 lie
453 3638 692 3706 proponuntur,
715 3619 760 3681 od
774 3617 953 3704 parandam
978 3616 1094 3686 dicendi
1108 3616 1173 3706 fa-

227 3715 370 3779 cultatem
398 3711 519 3799 mirifice
542 3716 730 3781 conducunt.
767 3713 875 3779 Vincit
896 3713 977 3779 enim
996 3714 1174 3805 proprietate

219 3805 375 3895 sermonis
388 3806 489 3896 facile
506 3832 612 3876 omnes
636 3808 815 3888 Terentius,
838 3835 916 3901 quae
934 3810 1030 3878 virtus
1047 3814 1082 3879 in
1102 3832 1175 3877 ora-

228 3903 406 3970 tiorOcitra
424 3900 654 3996 controverstam
667 3904 772 3994 prima
790 3901 837 3999 qu.
863 3906 989 3975 Deinde
1009 3932 1044 3974 ea
1061 3907 1098 3973 in
1120 3928 1178 3971 ex·

223 4000 369 4091 ponendo
392 4024 429 4066 ae
450 4001 608 4066 narrando
628 4002 737 4091 copia,
761 4025 796 4066 ea
814 3999 969 4096 dispofitio
987 4021 1179 4092 argumento·
1222 4069 1229 4081 ‚

230 4123 316 4177 nem,
335 4121 370 4164 ea
389 4097 425 4165 in
434 4096 603 4186 sententiis
621 4123 659 4165 aa
672 4096 795 4185 strlibus
817 4098 962 4180 uenustas
981 4097 1020 4194 est
1036 4098 1179 4189 prorsus,

229 4215 264 4263 ut
277 4191 440 4286 perfellius
458 4221 498 4263 ne
513 4196 633 4284 quidem
657 4192 744 4284 ipstts
771 4192 940 4277 Athenas,
960 4217 1038 4283 quas
1065 4194 1100 4261 in
1124 4191 1179 4263 ltoc

226 4316 326 4385 genere
338 4287 587 4387 regnaffeserunt
595 4342 606 4381 ,
621 4294 791 4382 quidquam
800 4287 1042 4386 facerepotuiffe
1054 4294 1181 4364 credant·

930 4409 949 4456 a
975 4410 994 4456 2
