2809 5234
428 602 438 623 Ι

1170 637 1182 651 ι

261 899 311 967 μ
496 873 535 947 r.
593 870 988 948 rnnanrrr

263 1037 337 1111 Tot
357 1055 412 1110 res
431 1053 576 1132 repente
601 1035 885 1128 circumvallant,
899 1037 993 1112 unde
1009 1035 1140 1138 emergi
1156 1062 1247 1117 non.

461 1162 572 1256 potest
591 1179 632 1230 ¹:
701 1214 706 1223 .

264 1283 344 1372 Vis,
370 1281 523 1379 egestas,
546 1281 738 1375 iniustitia,
763 1284 938 1381 solitudo,
956 1286 1110 1364 infamia.
1178 1386 1182 1397 1
1212 1306 1230 1387 5

263 1403 421 1477 Hoccine
441 1402 594 1479 seclum?
613 1430 637 1479 o
655 1404 801 1481 scelera!
823 1433 847 1482 ο
861 1435 987 1509 genera
1005 1402 1188 1510 sacrilega!
1208 1435 1234 1486 o

279 1528 282 1533 ’
459 1529 636 1603 hominem
654 1531 821 1630 impium!
1300 1629 1302 1633 Ι

264 1653 306 1726 S.
329 1653 388 1724 Me
409 1648 565 1723 miseram
584 1648 593 1722 l
615 1651 782 1748 quidnam
801 1650 873 1742 est,
894 1657 991 1753 quod
1007 1653 1052 1730 stc
1070 1656 1176 1732 video
1189 1654 1235 1730 ti·

473 1769 636 1843 midum²
657 1790 694 1844 et
713 1795 961 1871 properantem
980 1780 1129 1854 Getam?

263 1898 315 1971 'G.
333 1897 450 1987 Quem
469 1919 582 1994 neque
602 1893 708 1988 fides,
725 1922 841 1998 neque
856 1898 1108 2000 iusiurandum,
1121 1932 1237 2008 neque

461 2020 547 2094 illiu’
564 2019 799 2098 misericordia

267 2139 463 2239 Repressit,
488 2167 601 2241 neque
621 2143 778 2241 reflexit,
802 2168 915 2246 neque
935 2144 1033 2246 quod
1047 2163 1163 2245 partus
1177 2144 1235 2218 in-

464 2268 572 2344 stabat
595 2295 728 2369 prope,

268 2393 338 2468 cni
363 2409 374 2454 ³
396 2393 538 2468 miserae
557 2394 697 2494 indigne
714 2420 777 2493 per
799 2395 873 2471 vim
894 2395 1021 2473 vitium
1050 2395 1237 2473 obtulerat.

467 2522 507 2592 S.
526 2545 600 2594 non
615 2522 783 2622 intellego
1197 2550 1241 2598 ro

273 2641 380 2733 Satis,
396 2666 486 2741 quae
503 2624 713 2741 loquaturt.
737 2649 777 2719 C.
787 2645 952 2744 propius,
963 2647 1129 2741 obsecro,
1143 2672 1243 2723 acce·

469 2764 616 2858 damus,
637 2767 833 2847 sollenat.
857 2774 902 2844 G.
928 2772 994 2860 alr,

278 3009 314 3069 tls
329 3017 358 3071 dt
373 3007 470 3073 anheli
487 3015 584 3074 relos.
803 3011 865 3074 sciti
882 3012 978 3092 potuit
990 3012 1091 3072 audior
1104 3056 1112 3084 ,
1127 3008 1173 3070 sed
1189 3011 1247 3069 in-

320 3115 384 3179 rcf.
403 3117 495 3177 Andr.
516 3118 576 3190 lll,
593 3138 628 3194 3,
646 3137 692 3193 30.
807 3113 942 3177 credibile
965 3115 1111 3177 videbatur
1135 3116 1246 3176 Sostra·

318 3245 335 3282 2
352 3220 371 3283 s.
385 3223 589 3305 perturbatum.
599 3221 721 3303 Quippe
805 3242 848 3282 tae
863 3267 872 3296 ,
890 3225 936 3282 cui
951 3226 1046 3285 omnis
1061 3222 1125 3307 spes
1141 3224 1173 3282 in
1189 3224 1249 3283 Ae·

278 3348 340 3387 non
363 3328 468 3399 timet,
492 3323 539 3386 sed
565 3322 643 3382 dole‘r
671 3342 721 3394 en,
803 3321 903 3381 schino
932 3322 1061 3386 fitaerat.
1088 3327 1125 3387 Et
1145 3326 1193 3387 hic
1208 3329 1250 3387 est

280 3453 352 3516 quae
372 3426 540 3494 acelderant.
570 3429 724 3490 Gradat'nn
806 3427 878 3489 alter
899 3432 1022 3511 gradus,
1044 3453 1104 3511 quo
1130 3435 1252 3493 vertitur

279 3565 350 3602 vero
373 3546 488 3605 nuntius
510 3539 726 3602 malusinvadit
808 3536 932 3597 Sostrata
949 3538 983 3597 ad
1006 3557 1121 3598 metum.

281 3651 411 3710 animum
444 3652 614 3722 Sostratae,
654 3668 728 3734 quae
831 3644 936 3722 5Geta
945 3643 1032 3727 paulo
1041 3664 1105 3706 ante
1115 3643 1256 3708 cohibue-

281 3774 467 3834 praeparatur
493 3757 563 3819 servi
588 3756 728 3818 currentis
811 3773 852 3812 rat
873 3749 984 3812 cursum
1004 3750 1038 3810 ad
1055 3747 1256 3830 recipiendum

285 3858 402 3920 timore.
794 3858 966 3942 spiritum,
989 3866 1017 3918 &
1043 3853 1123 3916 finrul
1143 3851 1257 3913 doloris

328 3991 341 4049 3
371 3968 461 4048 Quod
482 3970 585 4033 referas
607 3971 642 4032 ad
658 3970 728 4031 illiu'
810 3957 1259 4047 cumiraexptimendicausastn·

287 4099 316 4138 tr.
338 4082 364 4137 8.
813 4073 948 4159 gulorum
971 4090 1081 4153 poenas
1100 4067 1259 4127 edidimus.

326 4211 345 4260 4
367 4185 437 4245 Rem
455 4182 490 4244 ab
511 4179 658 4242 Aeschino
680 4181 728 4242 ad·
809 4160 880 4239 Prae
905 4179 948 4238 ira
966 4197 1034 4236 vero
1050 4175 1153 4234 mirum
1170 4193 1261 4256 quan·

286 4288 421 4365 millam,
448 4311 508 4351 non
533 4287 594 4348 eius
623 4307 731 4347 nomen
814 4302 875 4341 tum
901 4279 984 4340 fortis
1014 4278 1063 4339 sibi
1092 4279 1204 4342 videtur
1224 4275 1262 4340 ad

289 4396 400 4458 dixerat
415 4390 735 4477 servunHincquidem
798 4406 863 4449 ear
880 4384 1043 4471 capiendas.
