2809 5234
551 647 559 655 a

1016 872 1081 952 'A
1131 864 1205 952 'D
1257 872 1313 950 E
1364 874 1421 948 L
1467 867 1520 946 P
1569 867 1637 948 H
1685 866 1736 949 l.
2244 891 2383 971 s17

427 1031 579 1118 'Ubi
613 1044 780 1117 'non
831 1040 1010 1130 erit,
1059 1038 1340 1114 fortass'e
1383 1036 1792 1110 excludetur
1823 1033 2010 1110 foras
2048 1047 2098 1112 ¹0
2278 1061 2383 1133 40

437 1170 645 1238 Fores
680 1164 1001 1261 effregit?
1028 1161 1501 1234 restituentur.
1548 1155 1820 1229 discidit

439 1287 764 1360 Vestem?
805 1284 1234 1356 resarcietur.
1279 1280 1374 1354 est
1412 1281 1547 1355 diis
1578 1281 1839 1378 gratia,
2347 1350 2354 1357 ,

434 1416 678 1507 Quum
734 1408 831 1483 est
884 1410 1069 1481 unde
1137 1408 1305 1479 haec
1362 1405 1577 1487 fiantz
1637 1425 1710 1478 et
1760 1403 1991 1478 adhuc
2031 1423 2178 1478 non
2216 1422 2375 1480 moa

812 1524 975 1605 lesta
1024 1530 1180 1603 sunt
1218 1546 1283 1607 ².

430 1679 787 1767 Postremo
821 1697 940 1750 aut
967 1677 1217 1766 desine,
1239 1685 1360 1747 aut
1377 1670 1556 1745 cedo
1580 1675 1900 1772 quemvis
1920 1675 2257 1750 arbitrum
2298 1697 2371 1748 η

429 1823 534 1897 Te
597 1825 797 1923 plura
856 1824 928 1896 in
989 1823 1117 1897 hac
1165 1846 1239 1893 re
1287 1843 1574 1918 peccare
1623 1819 2003 1898 ostendam.
2077 1827 2182 1897 D.
2257 1825 2374 1898 hei

803 1948 975 2021 mihi
1008 1955 1023 2020 !

2266 1965 2370 2048 45

423 2099 624 2173 Pater
657 2095 789 2170 effe
823 2118 856 2160 4
898 2092 1079 2171 disce
1137 2082 1223 2165 ab
1274 2083 1409 2167 illis
1434 2150 1461 2184 ,
1505 2095 1627 2194 qui
1665 2119 1832 2168 vere
1887 2094 2109 2171 sciunt
2149 2117 2199 2170 5.

417 2251 531 2321 M.
565 2249 829 2320 Natura
867 2261 948 2318 tu
983 2243 1084 2316 illi
1124 2260 1321 2342 pater
1359 2269 1475 2338 es,
1503 2245 1821 2319 *confiliis
1861 2270 2019 2344 ego.

419 2393 524 2463 D.
565 2389 753 2461 Tun’
784 2387 1085 2461 consulis
1131 2389 1512 2488 quidquam
1543 2391 1634 2461 θ’.)
1673 2393 1777 2463 M.
1819 2389 1908 2461 ah
1933 2443 1958 2482 ,
1997 2388 2045 2461 fi
2077 2392 2302 2491 pergis
2332 2407 2363 2487 ,⁸

810 2513 1070 2587 abiero,

420 2661 525 2731 D.
577 2658 843 2733 Siccine
895 2657 1076 2756 agis?
1130 2663 1229 2733 M.
1287 2685 1373 2733 an
1419 2679 1551 2758 ego
1601 2659 1814 2735 toties
1869 2657 1957 2734 de
1999 2639 2239 2736 eadem
2278 2680 2361 2749 ι’(

811 2784 1085 2856 audiam
1112 2786 1146 2856 ‘3

500 3078 525 3126 τ
584 3069 686 3128 int.
750 3065 820 3126 ab
868 3066 1174 3128 amicabus.
1227 3051 1298 3126 cf.

407 3168 558 3231 Eun.
594 3171 660 3242 1,
693 3191 713 3228 1
743 3214 760 3240 ‚
800 3193 836 3241 4
864 3179 1008 3242 διε,
1036 3175 1088 3230 8.
1130 3169 1292 3229 Dicit

408 3294 597 3335 autem
646 3273 1010 3356 indulgenter
1028 3271 1246 3355 fortaffi
1268 3321 1285 3347 ‚

409 3380 558 3465 quafi
593 3379 741 3441 filius
766 3373 937 3443 etiam
960 3384 1136 3443 amari
1157 3380 1291 3465 pos-

406 3487 470 3549 fit
515 3486 583 3551 ab
625 3491 838 3564 amica,
864 3489 1150 3576 gratisque
1188 3491 1292 3552 ad-

402 3599 557 3656 mitti
574 3620 588 3654 :
605 3597 763 3680 quod
781 3595 1096 3657 observavit
1134 3597 1297 3655 Don-

403 3695 500 3758 [ιιι
523 3700 778 3782 quisquis
814 3701 868 3758 ei
895 3699 990 3759 sua
1019 3685 1290 3759 adtexuit.

486 3821 517 3858 2
547 3803 655 3859 int.
704 3822 848 3882 quae
879 3801 980 3860 ille
1019 3800 1188 3872 fecit,
1224 3810 1281 3861 δε

403 3923 465 3966 tu
491 3903 637 3966 male
651 3923 820 3986 putas
847 3904 1057 3985 flagitia
1090 3899 1219 3962 effe.

486 4033 513 4092 3
546 4010 669 4092 Qui
694 4008 857 4070 litem
872 4009 1017 4069 hanc
1034 4009 1285 4068 nostram

397 4142 467 4182 ex
491 4137 679 4204 aequo
706 4116 934 4180 &bono
959 4113 1000 4176 s.
1032 4137 1141 4197 pto
1166 4113 1280 4174 hu-

394 4228 674 4293 manitate
729 4225 972 4286 dirimat.
1053 4222 1276 4282 Iudicat

390 4333 578 4415 igitur
600 4378 618 4406 ,
656 4352 777 4392 non
805 4331 981 4391 modo
1010 4348 1077 4390 ex
1105 4332 1228 4392 iure
1252 4372 1280 4400 ,

477 4533 482 4539 .
500 4438 822 4507 Terentius
889 4437 959 4508 T.
1008 4437 1053 4504 I
1050 4438 1097 4503 I
1093 4486 1114 4509 .

1466 3064 1560 3126 sed
1606 3074 1660 3127 &
1693 3086 1762 3127 ex
1791 3066 2141 3130 humanitate
2174 3068 2228 3130 se
2256 3072 2349 3134 su⁴

1458 3170 1749 3251 periorem
1767 3169 1891 3231 fore
1908 3216 1924 3244 ,
1948 3181 2001 3231 ὅ(
2017 3152 2348 3235 ἰηηιιὶιὲείὶ

1454 3272 1643 3335 surum
1687 3271 1795 3335 effe
1827 3275 1894 3333 de
1926 3275 2048 3332 iure
2077 3295 2343 3355 patetne.

1456 3384 1571 3444 vid.
1590 3406 1644 3445 v.
1673 3405 1699 3460 5
1718 3405 1769 3462 3.

1538 3516 1576 3565 4
1602 3493 1713 3552 int.-
1742 3492 1935 3552 animo
1968 3486 2073 3567 (cf.
2095 3489 2241 3551 infra
2257 3488 2343 3565 V,

1462 3614 1497 3667 7
1518 3641 1534 3669 ,
1570 3597 1641 3675 4)
1672 3592 1711 3656 s.
1742 3594 1992 3655 consiliis
2014 3642 2030 3669 ‚
2059 3599 2139 3656 uti
2166 3618 2339 3672 mox,

1455 3697 1497 3759 s.
1537 3720 1701 3773 cura,
1740 3702 1820 3761 uti
1850 3700 1984 3762 San.
2023 3701 2202 3765 Catil.
2229 3708 2267 3761 6
2299 3721 2342 3763 a

1458 3824 1612 3863 curae
1629 3801 1972 3882 fimilitudine
2011 3807 2200 3871 Patres
2238 3829 2340 3888 ap-

1456 3906 1803 3984 pellabantur.

1534 4028 1562 4085 5
1594 4013 1699 4072 int.
1736 4030 1926 4095 patres
1959 4013 2087 4080 effe.

1529 4124 1562 4175 6
1598 4114 2089 4179 Contumeliofius
2122 4140 2286 4202 rogat
2306 4165 2330 4195 ,

1442 4222 1579 4305 quia
1624 4219 1726 4281 isse
1787 4225 2000 4284 dixerat
2044 4246 2057 4280 ε
2105 4225 2334 4300 εοψίὶὴ

1444 4348 1551 4409 ego.
2355 4338 2377 4350 ”

1945 4429 2007 4532 Β,
