2809 5234
463 818 609 914 nir-0
633 841 664 913 n
689 839 836 912 uror
1082 835 1149 932 189

190 1001 266 1082 Nec
291 1028 371 1079 cunr
392 1001 591 1076 huiusmodi
616 1024 769 1100 unquam
787 995 867 1071 usus
887 993 987 1072 venit
1007 1011 1049 1069 ut
1066 1019 1155 1073 con·

383 1124 528 1205 stillares
554 1123 659 1195 malo.

1100 1142 1151 1192 20

190 1254 237 1325 A.
262 1246 359 1322 Min’
374 1247 470 1320 domi
485 1247 559 1316 est?
581 1245 713 1333 immo,
736 1241 772 1315 id
792 1242 889 1340 quod
906 1240 1031 1331 aiunt,
1056 1243 1155 1314 auri·

385 1366 449 1437 but
472 1382 577 1436 teneo
597 1363 720 1457 lupum
742 1366 797 1434 ιε’

189 1489 280 1560 Nam
298 1509 412 1584 neque
428 1508 501 1581 quo
522 1481 677 1553 amittam
695 1506 716 1552 a
737 1505 793 1553 me
821 1480 994 1571 invenio,
1018 1503 1156 1579 neque,

391 1607 445 1678 uti
468 1604 662 1690 retineam,
691 1598 778 1673 scio.

189 1739 243 1810 D.
259 1732 373 1833 Ipsum
393 1731 478 1805 istuc
499 1730 585 1817 mihi
605 1730 641 1801 in
664 1730 735 1802 hoc
749 1726 798 1800 est
816 1747 842 1802 ².
864 1735 903 1800 A.
917 1727 1000 1821 eia,
1028 1752 1073 1800 ne
1096 1751 1161 1824 pa.

387 1880 465 1927 rum
497 1854 579 1926 leno
600 1853 661 1926 sies
680 1869 706 1926 ³.

192 1979 373 2077 Numquid
393 1973 450 2051 h‘ic
474 1976 657 2058 confecit?
679 1981 723 2051 P.
740 1977 909 2051 hiccine?
934 1979 1032 2077 quod
1048 1979 1159 2052 horno

401 2093 694 2202 inhumanissimus
716 2118 725 2163 τ

189 2214 403 2314 Pamphilam
425 2240 539 2287 meam
557 2214 716 2287 vendidit
734 2233 760 2287 ⁴.
787 2220 827 2287 G.
844 2215 956 2314 quid?
978 2214 1161 2290 vendidit?

389 2339 435 2409 A.
460 2337 540 2407 ain?
560 2339 748 2411 vendidit?
1110 2358 1154 2438 25

193 2461 236 2533 P.
259 2457 437 2532 Vendidit.
461 2463 513 2531 D.
541 2485 644 2556 quam
676 2461 856 2558 indignum
881 2461 1033 2555 facinuS,
1054 2460 1162 2549 ancil·

392 2574 462 2652 lam
489 2605 567 2653 aere
588 2603 739 2681 emptam
766 2582 831 2657 suo
865 2637 876 2659 .

147 2868 149 2874 ’
193 2861 361 2922 miserioris.
385 2856 435 2927 sic,
453 2861 536 2922 tacite
556 2861 637 2923 addi·

192 2991 238 3033 tur
256 2981 285 3033 dt
306 2971 473 3053 Antiphoni
498 2975 632 3046 animus,

190 3085 219 3137 Ιι
244 3077 289 3135 vis
311 3076 454 3156 precibus.
482 3075 635 3158 Eleganter

191 3205 261 3243 mox
273 3203 406 3244 neutrum
417 3188 487 3266 quod
496 3209 570 3261 arnas⁴
580 3206 634 3264 pro

194 3287 577 3368 quamaenas.cf.Eun.11,3‚
593 3299 637 3350 16.

234 3415 246 3454 r
265 3393 411 3455 Graecum
427 3396 634 3475 proverbium,

191 3501 271 3584 quod
295 3501 367 3562 Ant.
390 3524 463 3578 ntox¹
485 3501 631 3584 erplicat,

190 3603 321 3666 sollenne
358 3609 557 3666 cunstantibus
597 3608 635 3663 ob

190 3729 299 3768 merum
327 3710 454 3788 undique
473 3711 632 3770 imminen-

193 3813 266 3875 tium
280 3809 493 3885 discriminum,
508 3835 538 3874 ut
557 3815 633 3877 Suet.

190 3915 232 3975 ait
255 3915 290 3974 de
307 3913 375 3974 Tib.
397 3935 422 3975 c.
443 3936 490 3989 ²5·
515 3941 517 3943 ¹

235 4045 251 4081 2
264 4022 448 4082 Demonstrat
459 4021 637 4097 Phaedriam,

193 4134 239 4193 cui
252 4132 366 4214 roganti
384 4129 403 4189 sr
418 4132 577 4209 concedar,
594 4154 639 4193 ve·

194 4261 270 4301 retur
286 4284 294 4313 ,
313 4262 350 4301 ne
369 4261 532 4322 emptorem
546 4240 636 4302 alium

193 4341 400 4427 §praesentem
416 4347 637 4430 pecuuimnon

717 2864 869 2938 inveniat,
899 2864 918 2922 st
948 2866 1091 2948 deneget,
1125 2886 1163 2926 ne

720 2974 903 3046 Phaedriam,
923 2983 951 3033 ὅ(
977 2997 1039 3033 cum
1064 2997 1099 3031 eo
1115 2973 1163 3035 lu-

718 3097 814 3146 crum,
840 3076 918 3156 quod
938 3097 971 3134 ex
991 3076 1161 3139 adolescen-

718 3204 779 3244 tum
800 3183 944 3243 amoribus
966 3182 1104 3246 faciebant
1122 3186 1164 3247 le«

721 3311 831 3363 nones,
853 3290 973 3353 anurrat.

760 3418 773 3473 3
799 3396 886 3454 Deest
897 3397 1054 3465 venerumt
1064 3418 1093 3476 p.
1106 3398 1124 3455 I.
1132 3394 1164 3474 s

716 3502 744 3561 h.
759 3524 782 3560 e.
806 3523 841 3560 ne
859 3499 959 3562 minus'
972 3501 1044 3562 lucri
1059 3502 1163 3576 facias,

718 3609 814 3665 eritius
836 3626 949 3685 turpem
961 3624 988 3665 te
1008 3606 1162 3686 praebeas,

717 3736 803 3796 quarn
825 3713 926 3794 vulgus
953 3713 1093 3774 lenonum
1112 3719 1163 3777 est.
1249 3730 1254 3743 ⁴

760 3821 1162 3896 4Quantodoloreaffcdlut!

719 3923 881 3981 hiccine?1-·
891 3948 972 3988 meam
989 3954 1017 3988 ν.
1038 3928 1163 3988 Doloric

712 4031 876 4110 ¹participes
900 4034 1020 4113 stupent.

765 4157 778 4208 5
803 4137 934 4211 ironice,
948 4139 1016 4197 hinc
1031 4141 1110 4221 quod
1124 4138 1163 4200 ili

719 4243 815 4305 lorum
833 4247 917 4305 dietis
932 4247 1015 4319 defit,
1030 4250 1160 4309 iraaffin-

719 4352 761 4432 git
774 4394 782 4426 ,
795 4367 824 4411 ut
839 4349 965 4418 ostendat
977 4395 987 4427 ,
1001 4347 1028 4413 sc
1041 4349 1161 4423 illorum·
1238 4350 1242 4357 ’
