2809 5234
203 193 2592 638 u

399 658 412 673 C

2394 706 2401 713 n

2566 832 2575 841 ι

1074 980 1136 1051 A
1183 964 1254 1053 Ν
1300 981 1393 1054 D·
1425 980 1488 1052 R
1537 982 1685 1052 1A.
2114 946 2119 953 ’
2277 1006 2357 1055 11

434 1142 653 1226 Scia,
685 1126 870 1236 poffe
894 1137 1138 1219 habere
1163 1141 1294 1213 iam
1319 1140 1536 1239 ipsum
1575 1139 1723 1212 suae
1754 1140 1933 1231 vitae
1960 1142 2264 1215 modum.

438 1267 616 1339 Cum
647 1266 718 1338 id
750 1265 913 1337 mihi
949 1264 1289 1362 placebat,
1326 1284 1467 1338 tum
1497 1289 1636 1338 uno
1665 1288 1787 1337 ore
1815 1276 2052 1339 omnes
2084 1270 2313 1341 omnia
2406 1250 2419 1265 ⁰

331 1360 342 1370 ο
440 1394 624 1463 Bona
654 1388 876 1460 dicere
916 1403 929 1433 ¹
961 1438 984 1471 ,
1008 1404 1075 1457 et
1101 1386 1359 1456 laudare
1385 1383 1684 1458 fortunas
1714 1408 1893 1460 meas
1917 1437 1942 1475 ,
2271 1412 2369 1481 70

439 1515 579 1609 Qui
607 1532 875 1612 gnatum
905 1510 1218 1583 haberem
1249 1509 1358 1583 tali
1390 1510 1661 1608 ingenio
1689 1509 2094 1609 praeditum.
2376 1584 2389 1596 .

436 1640 626 1732 Quid
658 1637 883 1711 verbis
911 1654 1086 1735 opus
1109 1632 1250 1708 est?
1280 1634 1402 1708 hac
1438 1635 1612 1707 fama
1637 1633 1955 1731 impulsus
1981 1634 2304 1711 Chremes

437 1765 639 1837 Ultro
671 1763 889 1850 adme
923 1760 1112 1836 venit
1134 1809 1159 1849 ,
1202 1759 1467 1835 unicam
1508 1769 1764 1857 gnatam
1794 1758 1979 1835 suam
2014 1784 2019 1789 ·

401 1890 609 1960 ‘Cum
640 1889 798 1961 dote
837 1885 1088 1961 summa
1122 1884 1265 1959 filio
1295 1906 1581 1957 uxorem
1613 1902 1687 1956 ut
1711 1883 1935 1971 daret„

436 2012 729 2097 Placuit;
772 2011 1139 2110 despondi:
1171 2009 1282 2083 hic
1310 2006 1560 2106 nuptiis
1587 2006 1799 2083 diuus
1827 2006 1922 2081 est
1955 2007 2116 2082 dies.
2268 2036 2357 2114 75

431 2144 548 2214 So.
574 2138 761 2231 Quid
787 2151 818 2182 ²
852 2133 1065 2208 obstat
1091 2188 1116 2224 ‚
1144 2160 1265 2206 cur
1301 2158 1439 2205 non
1470 2156 1669 2205 verae
1697 2130 1857 2205 fiant
1884 2131 1912 2204 ἒ
1942 2136 2042 2208 Si.
2067 2135 2319 2215 audies,
2360 2182 2375 2216 ,-

431 2265 591 2334 Fere
618 2262 687 2331 in
719 2261 952 2332 diebus
974 2258 1203 2353 paucis
1224 2313 1245 2346 ,
1285 2257 1531 2354 quibus
1556 2255 1722 2330 haec
1750 2257 1892 2329 aeta
1918 2256 2075 2331 sunt.
2094 2311 2118 2345 ,
2208 2344 2215 2350 ,

365 2432 396 2483 ·.
428 2385 703 2483 Chrysis
737 2382 959 2455 vicina
1001 2381 1164 2482 haec
1193 2383 1502 2453 moritur.
1531 2386 1645 2452 So.
1669 2403 1719 2451 o
1745 2378 1989 2452 factum
2014 2379 2183 2452 bene
2212 2392 2230 2448 2

430 2507 667 2591 Beasti=
699 2506 903 2579 metui
927 2530 965 2577 a
992 2503 1343 2603 Qizytide.
1371 2510 1475 2577 Si.
1502 2505 1591 2577 ibi
1613 2522 1756 2577 tum
1785 2500 1959 2576 filius
1995 2536 2002 2543 ·
2374 2560 2383 2575 .

432 2632 611 2702 Cum
633 2631 755 2703 illis
783 2678 806 2714 ‚
845 2630 964 2726 qui
995 2631 1300 2703 amabant
1324 2628 1731 2729 Cmfislem.
1748 2681 1771 2714 ,
1806 2653 1937 2700 una
1970 2626 2194 2705 adeiat
2225 2629 2360 2704 fre-

627 2777 835 2850 quens
867 2770 881 2820 ὲ
921 2780 932 2789 ’
1035 2811 1040 2815 .
2168 2744 2191 2765 ⁰
2272 2764 2367 2836 80

432 2878 729 2951 Curabat
756 2896 883 2952 una
910 2876 1107 2952 funus
1134 2910 1149 2948 ε
1182 2876 1375 2963 tristis
1402 2877 1664 2949 interim
1685 2933 1708 2964 ‚

355 3046 362 3051 -
430 3004 930 3102 Nonnunquam
966 3000 1524 3076 conlacrumabat.
1553 3001 1802 3100 placuit
1832 3023 1979 3079 tum
2002 3005 2074 3078 id
2099 3001 2285 3077 mihi.
2364 3040 2375 3053 ·

430 3128 544 3202 Sic·
571 3129 942 3232 cogitabam
976 3128 1140 3227 :hic-
1155 3152 1398 3224 parvae
1424 3126 1916 3217 consuetudinis

430 3253 640 3325 Causa
668 3273 952 3326 mortem
979 3253 1173 3327 huius
1197 3272 1332 3325 tam
1372 3250 1503 3326 fert
1534 3253 1985 3326 familiariter:

431 3376 614 3472 Quid
633 3427 657 3463 ,
690 3378 736 3448 fi
765 3377 902 3475 ipse
926 3377 1240 3453 amasset?
1272 3376 1435 3478 quid
1458 3379 1624 3454 mihi
1650 3377 1761 3449 hic
1784 3374 1979 3448 faciet
2005 3374 2172 3472 patri
2194 3375 2224 3447 i*
2268 3377 2353 3475 ὃς

429 3502 613 3575 Haec
647 3527 778 3600 ego
809 3503 1116 3602 putabam
1151 3502 1282 3574 effe
1309 3504 1541 3577 omnia
1571 3496 1848 3591 humani
1876 3510 1903 3562 3
1940 3498 2164 3597 ingeni
2189 3552 2216 3589 ,
2298 3488 2303 3492 ’

428 3616 946 3739 Mansuetique⁴
976 3625 1448 3701 animi-officia.
1477 3624 1642 3725 quid
1665 3623 1890 3697 multis
1920 3632 2209 3700 moror?
2252 3632 2259 3639 '
2354 3684 2367 3697 .

429 3844 610 3903 minus
634 3842 961 3924 appofitum.
1443 3845 1499 3907 se
1551 3845 1787 3945 alienum
1804 3906 1811 3941 ·.
1829 3862 1998 3945 putat.
2056 3844 2211 3916 Facit
2244 3851 2361 3937 Jtuc

518 3968 540 4007 1
585 3969 845 4026 ευφκμειν
861 3992 883 4018 ,
919 3947 1134 4009 felicem
1164 3969 1332 4029 prae·
1449 3949 1583 4013 illud
1637 3949 1820 4043 lustini
1872 3944 1945 4014 x'1
1961 3999 1983 4026 ,
2033 3975 2120 4015 12.
2174 3955 2361 4036 Exse-
2436 3974 2447 3984 ·

428 4053 624 4114 dicare.
1455 4059 1703 4140 quiasque
1726 4060 1945 4143 benigne
1957 4036 2326 4144 proftqmieum
2340 4085 2360 4122 .·

512 4183 543 4220 2
566 4157 726 4223 MSS.
742 4156 968 4240 quidam
983 4157 1045 4220 &
1059 4157 1183 4219 edd.
1194 4174 1329 4222 vett.
1445 4165 1600 4245 idq'ue
1618 4186 1728 4224 non
1747 4186 1859 4224 eum
1885 4167 2083 4226 amoris
2102 4213 2122 4238 ,
2131 4167 2232 4249 sed
2248 4167 2353 4227 lm-

426 4266 632 4329 addunt
659 4267 840 4348 igitur.
1452 4273 1730 4331 manicatis
1767 4274 1928 4347 caulis
1947 4252 2155 4352 ’ῥιψὶ

516 4390 543 4452 3
603 4374 656 4433 h.
690 4395 739 4434 e.
781 4375 877 4455 qui
919 4372 1052 4470 nihi}
1099 4358 1324 4457 humani
1499 4372 1831 4456 4thuiad
1846 4374 2147 4437 alios‘facile
2163 4364 2357 4441 amier-

423 4476 625 4562 ((Ῑῦθὸ
667 4480 980 4542 hwinibsss
1016 4477 1258 4564 accidit)
1296 4500 1330 4540 ²
1446 4497 1560 4554 cat,
1574 4470 1723 4545 &fic
1734 4480 2053 4566 aegreqbiis
2070 4483 2349 4557 avellatur.
