2809 5234
147 189 1323 407 ῃ

610 464 613 469 ,
1289 448 1306 475 '-

528 514 532 537 l

286 761 355 837 rot.
552 729 1039 808 parerem-11

434 977 640 1048 Acriis
690 978 732 1050 V.
783 974 993 1047 SCENA
1038 972 1145 1044 11.Ι

515 1184 544 1193 ”
613 1186 650 1259 D
677 1193 705 1261 E
729 1192 768 1262 Μ
794 1188 823 1262 E
849 1193 890 1262 Α.

287 1295 547 1484 NUnquam
570 1384 618 1458 ita
631 1385 814 1485 quisquam
827 1385 916 1458 bene
939 1380 1103 1457 subducta
1115 1380 1271 1461 ratione

303 1608 309 1617 ι
484 1514 529 1586 ad
553 1514 661 1587 vitam
678 1512 776 1604 suat,

284 1639 383 1732 Quin
406 1663 484 1730 res,
504 1656 627 1736 aetas,
648 1636 757 1732 usus,
782 1637 916 1735 semper
935 1634 1067 1735 aliquid
1090 1653 1283 1732 apportet·

484 1752 595 1852 obvi,

286 1860 429 1985 Aliquid
451 1901 594 1970 moneat
621 1910 630 1954 r
661 1906 701 1958 ut
724 1883 807 1975 illa,
830 1908 919 1982 quae
943 1877 1083 1955 rescire
1109 1881 1273 1977 credas,

304 2082 310 2095 ,
403 2090 406 2095 ,
477 2003 636 2095 nesciat,

288 2126 333 2200 Et
355 2151 444 2227 quae
475 2127 540 2200 tibi
564 2125 693 2223 putaris
718 2122 830 2222 prima
848 2132 885 2214 ²,
911 2121 946 2195 in
969 2120 1185 2220 experiundo
1219 2145 1272 2198 ut

487 2247 660 2343 repudies.
998 2326 1001 2331 ,

272 2369 400 2465 Quod
420 2392 514 2442 nunc
535 2360 583 2439 mi
606 2366 737 2461 evenit.
765 2391 843 2439 nam
872 2391 939 2464 ego
966 2366 1076 2442 vitam
1104 2367 1274 2465 duram,'

484 2514 590 2588 quam
615 2490 689 2565 vixi
709 2489 817 2592 usque
837 2493 974 2583 adhuc,
1247 2518 1265 2597 5

329 2791 343 2835 ι
360 2769 486 2845 Demea,
497 2774 547 2855 qui
561 2771 669 2846 adhuc,
680 2771 731 2832 nis

289 2882 368 2965 quod
394 2879 455 2962 ipsc
486 2879 627 2953 faciebat,
659 2880 736 2940 nihil

814 2770 930 2854 plinae,
957 2775 986 2830 dt
1012 2770 1102 2830 animi
1118 2772 1265 2855 explendi

816 2875 896 2940 causa
913 2876 1047 2939 omnibus
1073 2881 1195 2942 ridicule
1213 2887 1270 2945 ab·

217 3017 230 3036 ·
288 2994 396 3049 testum
414 3008 579 3069 putaverat,
611 2987 731 3071 aliisque

287 3092 399 3176 semper
424 3098 511 3156 iratus
546 3113 621 3166 crat,
649 3114 732 3152 com-

288 3222 391 3282 parans
422 3222 544 3286 aequum
571 3209 599 3262 ἃ
624 3199 733 3260 laetum

287 3308 415 3367 animum
445 3305 538 3367 fratris
576 3325 640 3365 crint
678 3304 731 3365 suo

288 3413 372 3473 saevo
400 3423 426 3474 &
457 3416 544 3487 tristi,
574 3411 730 3495 vidensque

286 3517 371 3576 illum
388 3541 404 3578 a
422 3518 489 3578 filiis
505 3518 609 3590 amari,
629 3516 657 3576 sc
676 3540 731 3578 ne·

287 3617 379 3700 gligi,
402 3617 484 3676 illum
503 3624 606 3701 gaudia
620 3624 731 3703 potiri,

288 3720 316 3780 se
331 3719 470 3780 miseriam
482 3745 515 3783 ex
534 3725 631 3785 labore
641 3748 729 3807 cape·

286 3849 329 3903 re,
354 3829 463 3889 invidet
483 3828 582 3904 fratri,
608 3856 731 3918 tumque

285 3927 307 3991 l.
329 3930 485 4004 aemulari,
512 3931 532 3992 l.
562 3931 658 3993 ulcisci
682 3958 733 3996 cu-

286 4037 391 4116 piens‘,
421 4058 526 4098 novam
557 4035 647 4099 hodie
672 4043 727 4104 init

285 4144 372 4206 viam.
394 4145 510 4207 Scilicet
526 4142 686 4207 remissurus
695 4150 731 4208 de

283 4243 331 4308 sua
349 4253 450 4332 agresti
475 4252 623 4317 severitate
645 4254 731 4318 disci·

814 2989 971 3062 blanditur,
986 2997 1013 3050 δι
1031 2989 1162 3073 largitate
1178 2991 1269 3058 simu-

818 3093 874 3155 lata
890 3094 1004 3155 fratrem
1023 3094 1132 3154 inducit
1146 3094 1271 3176 ipsum,

800 3204 845 3259 'ut
868 3201 894 3259 is
918 3201 1039 3260 nimium
1060 3198 1122 3261 aliis
1136 3201 1268 3289 obsequi

814 3305 917 3391 suaque
932 3307 1104 3388 profundere
1114 3307 1269 3390 videatur3

814 3413 928 3472 tandem
951 3412 1062 3475 satiatus
1078 3412 1109 3470 in
1129 3428 1268 3479 extrema

814 3519 908 3580 fabula
927 3519 954 3579 se
970 3517 1185 3579 clementiorem
1201 3515 1271 3581 fae.

815 3642 875 3683 tum
895 3625 934 3685 ira
950 3620 1119 3703 profitetur,
1135 3638 1165 3681 ut
1184 3621 1272 3686 fimi.

814 3728 851 3789 lis
873 3729 914 3790 sui
935 3749 1056 3790 maneat.
1083 3730 1126 3789 lta
1147 3749 1269 3792 conve.

815 3839 953 3898 nientiam
977 3834 1094 3895 servabit
1116 3852 1206 3911 poeta
1230 3840 1270 3904 in

815 3958 882 4020 apta
895 3935 1021 3994 hominis
1041 3930 1246 4000 conversione,

851 4064 867 4100 2
888 4039 919 4100 lr.
934 4060 958 4098 e.
981 4035 1115 4118 eligenda
1131 4056 1203 4117 prae
1226 4065 1272 4106 a.

811 4144 880 4220 liis,
896 4142 918 4204 ί
938 4137 1058 4225 optiriia.
