2809 5234
895 1391 953 1456 A
1002 1387 1066 1455 R
1114 1386 1186 1456 G
1234 1383 1302 1455 U
1355 1385 1459 1452 M
1482 1384 1533 1452 Ε
1582 1380 1649 1452 N
1697 1383 1764 1452 T
1809 1383 1876 1453 U
1918 1312 2032 1453 Mi.

491 1532 775 1727 Clvis
803 1544 1063 1638 quidam
1094 1522 1471 1636 Atheniens
1463 1565 1493 1608 s
1511 1519 1760 1632 filiam,
1788 1566 1886 1612 cut
1860 1516 2334 1633 ‘'Pamphilae,
2364 1534 2434 1613 6·

642 1673 909 1764 filium,
952 1669 1053 1738 cui
1099 1666 1396 1737 Chremeti
1438 1670 1662 1734 nomen
1715 1689 1888 1747 erat,
1937 1665 2174 1734 habuit.
2232 1691 2311 1733 ex
2344 1660 2452 1735 'iis

488 1794 901 1887 Pamphilam
930 1791 1135 1860 adhue
1161 1766 1563 1882 infantulam
1592 1790 1961 1888 praedones
1970 1816 2215 1897 rapuere
2241 1817 2270 1860 e
2297 1792 2350 1860 S
2352 1815 2435 1859 u·-

497 1923 609 1991 nio
630 1971 652 2007 ‚
681 1914 745 1988 G·
773 1893 1090 1988 mercatori
1116 1915 1369 1985 cuidam
1398 1912 1649 1982 Rhodio
1676 1912 1997 1982 vendidere
2016 1937 2041 1980 .·
2078 1914 2232 2009 qui,
2257 1904 2444 1989 Rho-2

492 2041 640 2108 dum
680 2033 994 2106 adveilam
1018 2084 1046 2124 ‚
1086 2014 1385 2103 meretrici
1409 2083 1430 2114 ,
1471 2060 1660 2125 quam
1707 2036 1965 2103 amabat
1987 2088 2010 2121 ,
2050 2035 2217 2101 dono
2255 2032 2446 2102 dedit·-

500 2156 678 2227 Haec
711 2178 1023 2248 acceptam
1054 2154 1332 2248 puellam
1354 2154 1502 2244 pari
1527 2180 1673 2221 cura
1696 2179 1772 2221 ac
1781 2150 1997 2252 studio
2016 2204 2042 2239 ‚
2067 2177 2207 2220 cum
2243 2149 2449 2219 Thai-

441 2294 458 2313 ·
495 2283 565 2349 de
592 2279 752 2366 filia.
789 2280 985 2370 coepit
1030 2276 1271 2344 educere
1299 2299 1325 2342 .·
1372 2300 1550 2342 nemo
1582 2297 1653 2344 ut
1686 2272 1863 2371 effic,
1890 2273 2010 2373 *qui
2035 2302 2166 2372 non
2197 2273 2446 2346 utr'atn-

500 2381 617 2494 que
650 2427 731 2470 ex
761 2398 897 2492 ipsa
921 2399 1201 2492 genitam
1236 2393 1342 2495 effe
1373 2395 1786 2467 arbitraretur.
1820 2396 2017 2467 Thais
2040 2450 2061 2482 ,
2087 2425 2243 2491 quae
2263 2422 2457 2493 gran·

505 2502 789 2614 diuscula
817 2541 944 2589 erat
967 2567 990 2602 ‚
1019 2545 1161 2589 cum
1188 2521 1281 2587 ad
1300 2498 1437 2587 eam
1477 2542 1735 2589 aetatem
1757 2518 2121 2621 perveniffit
2138 2574 2160 2607 ‚
2194 2543 2266 2589 ut
2294 2520 2461 2589 viris

501 2645 736 2737 placere
767 2634 962 2736 poſjet
979 2665 1008 2720 ‚·
1039 2617 1387 2708 maternam
1411 2691 1432 2726 ‚
1463 2638 1534 2708 tit
1543 2639 1668 2727 fit,
1703 2639 1960 2710 vivendi
1994 2642 2295 2709 rationem
2337 2641 2452 2708 in-

495 2764 718 2857 ficuta
739 2810 763 2849 ,
803 2789 944 2833 cum
990 2724 1222 2853 hospite
1263 2746 1535 2854 quodam
1576 2762 1866 2832 Athenas
1911 2764 2119 2847 venit,
2162 2763 2273 2855 qui
2318 2788 2455 2831 eam
2504 2803 2509 2811 ·

502 2885 714 2987 postea
766 2884 1036 2954 moriens
1078 2882 1340 2951 heredem
1381 2887 1642 2976 reliquit.
1687 2886 1932 2955 Interea
1973 2887 2182 2968 miles,
2219 2866 2460 2976 Thrash

513 3009 770 3079 nomine
791 3058 812 3090 ,
835 3076 840 3080 ,
862 3006 956 3074 ad
979 3008 1148 3074 -earn'
1172 3003 1391 3073 adiecit
1422 3007 1708 3073 animum
1733 3031 1759 3075 .·
1795 3031 2045 3099 cumque
2085 3033 2223 3075 cum
2252 3032 2324 3073 ea
2349 3000 2462 3096 pei·

512 3129 779 3219 aliquod
819 3148 1061 3216 tempus
1101 3102 1495 3222 conficesfiffit
1525 3177 1546 3210 ‚
1588 3126 1655 3191 in
1705 3125 1958 3194 Cariam
1999 3126 2310 3217 profei'lus
2361 3128 2456 3228 est.

520 3247 799 3316 Thaidis
850 3248 1044 3345 mater
1074 3271 1190 3335 per
1227 3272 1330 3314 eos
1375 3250 1506 3314 dies
1553 3247 1750 3314 vitam
1802 3270 1989 3316 morte
2039 3269 2462 3318 commutave-

520 3392 620 3442 rat
636 3421 658 3457 ,
687 3368 1001 3461 fraterque
1029 3365 1228 3466 'i'pstus
1260 3352 1669 3462 Pamphilam
1711 3375 1987 3442 venalem
2015 3358 2416 3465 proposuerat
2432 3423 2459 3461 ‚

505 3490 774 3584 sperans
803 3513 937 3560 eam
961 3533 985 3571 ‚
1017 3490 1196 3582 *quod
1228 3483 1294 3560 G*
1326 3490 1618 3581 formosa
1662 3490 1799 3601 effe}
1815 3546 1838 3583 ‚
1876 3488 1944 3565 G·
1963 3493 2209 3583 fidibus
2225 3493 2420 3585 sciret
2437 3545 2464 3583 ‚

511 3618 825 3708 praeclare
860 3640 903 3682 a
946 3612 1011 3707 fi
1054 3613 1511 3692 venditumjri.
1575 3614 1755 3685 Forte
1796 3615 2026 3685 accidit
2045 3668 2066 3703 ‚
2113 3639 2186 3688 ut
2223 3642 2290 3684 eo
2329 3614 2464 3709 ipsb

525 3758 778 3827 tempore
809 3736 1079 3806 Thaidis
1119 3728 1367 3804 amator
1391 3738 1570 3806 miles
1605 3733 1745 3833 effit
1770 3738 1983 3807 Rhodi
2010 3762 2036 3807 .·
2068 3743 2210 3832 qui,
2239 3725 2466 3835 harum

531 3856 816 3923 omnium
844 3879 1039 3922 rerum
1066 3848 1303 3943 inscius
1323 3901 1347 3938 ,
1372 3854 1777 3947 Pamphilam
1805 3861 1955 3928 emit
1960 3887 1997 3944 ,-
2019 3884 2090 3931 ut
2115 3856 2274 3960 fft‚
2302 3846 2472 3954 'qaod

504 3976 776 4051 ‚amicae
796 4027 818 4060 ‚
844 3974 1143 4043 Athenas
1178 3977 1447 4066 reverfics
1465 4027 1487 4063 ‚
1515 3979 1682 4046 dono
1709 3981 1900 4048 daret.
1929 3980 2132 4052 Thais
2155 4029 2180 4068 ,-
2193 3978 2466 4073 profec‘lo

535 4097 729 4166 milite
755 4140 779 4177 ,
822 4095 1020 4163 aliam
1072 4097 1494 4165 conditionem
1543 4095 1916 4195 quaesierat,
1967 4080 2467 4191 adiunxeratque

511 4216 649 4320 fibi
685 4217 1108 4304 Phaedriam,
1154 4215 1585 4308 adolescentem
1639 4217 2130 4308 Athenienstm,
2179 4216 2468 4294 Lachetis

524 4342 761 4434 filiurn.
796 4341 1036 4411 Inaudt
1039 4362 1208 4409 verat
1230 4341 1475 4410 interim
1503 4340 1688 4408 etiam
1713 4339 1969 4431 aliquid
1981 4341 2054 4409 de
2081 4339 2467 4433 Pamphila,-

538 4466 785 4559 iamque
810 4486 948 4535 cum
962 4460 1166 4559 fratre
1184 4462 1305 4561 ips
1296 4489 1373 4536 us
1405 4465 1463 4533 C
1457 4464 1707 4535 hremete
1721 4514 1747 4555 ,
1773 4463 2103 4557 aliquoties
2125 4464 2424 4536 collocuta
2441 4515 2468 4559 ‚

1977 4563 2024 4631 F
2079 4585 2119 4631 2
