<?xml version="1.0" encoding="UTF-8"?>
<!DOCTYPE html PUBLIC "-//W3C//DTD XHTML 1.0 Transitional//EN"
    "http://www.w3.org/TR/xhtml1/DTD/xhtml1-transitional.dtd">
<html xmlns="http://www.w3.org/1999/xhtml" xml:lang="en" lang="en">
 <head>
  <title>
</title>
<meta http-equiv="Content-Type" content="text/html;charset=utf-8" />
  <meta name='ocr-system' content='tesseract 3.04.00' />
  <meta name='ocr-capabilities' content='ocr_page ocr_carea ocr_par ocr_line ocrx_word'/>
</head>
<body>
  <div class='ocr_page' id='page_1' title='image "./publiiterentiia00teregoog_0114.png"; bbox 0 0 2809 5234; ppageno 0'>
   <div class='ocr_carea' id='block_1_1' title="bbox 260 814 993 928">
    <p class='ocr_par' dir='ltr' id='par_1_1' title="bbox 260 814 993 928">
     <span class='ocr_line' id='line_1_1' title="bbox 260 814 993 928; baseline -0.003 -19"><span class='ocrx_word' id='word_1_1' title='bbox 260 835 311 928; x_wconf 77' lang='lat'><strong>⁶4</strong></span> <span class='ocrx_word' id='word_1_2' title='bbox 522 814 993 911; x_wconf 74' lang='lat' dir='ltr'><strong>narunurrr</strong></span> 
     </span>
    </p>
   </div>
   <div class='ocr_carea' id='block_1_2' title="bbox 263 996 1234 1224">
    <p class='ocr_par' dir='ltr' id='par_1_2' title="bbox 263 996 1234 1224">
     <span class='ocr_line' id='line_1_2' title="bbox 263 996 1128 1109; baseline 0.001 -39"><span class='ocrx_word' id='word_1_3' title='bbox 263 996 367 1071; x_wconf 84' lang='lat' dir='ltr'><strong>lsell.</strong></span> <span class='ocrx_word' id='word_1_4' title='bbox 390 1003 427 1073; x_wconf 84' lang='lat' dir='ltr'><strong>C.</strong></span> <span class='ocrx_word' id='word_1_5' title='bbox 448 1024 472 1072; x_wconf 93' lang='grc' dir='ltr'>ο</span> <span class='ocrx_word' id='word_1_6' title='bbox 497 999 604 1099; x_wconf 75' lang='lat' dir='ltr'><strong>Mysis</strong></span> <span class='ocrx_word' id='word_1_7' title='bbox 623 1000 721 1072; x_wconf 85' lang='lat' dir='ltr'><strong>salve.</strong></span> <span class='ocrx_word' id='word_1_8' title='bbox 750 1002 802 1109; x_wconf 76' lang='lat' dir='ltr'><strong>M.</strong></span> <span class='ocrx_word' id='word_1_9' title='bbox 822 998 933 1073; x_wconf 83' lang='lat' dir='ltr'><strong>salvos</strong></span> <span class='ocrx_word' id='word_1_10' title='bbox 954 998 994 1071; x_wconf 77' lang='lat' dir='ltr'><strong>sis</strong></span> <span class='ocrx_word' id='word_1_11' title='bbox 1015 997 1128 1073; x_wconf 81' lang='lat' dir='ltr'><strong>Crito.</strong></span> 
     </span>
     <span class='ocr_line' id='line_1_3' title="bbox 265 1123 1234 1224; baseline 0.007 -30"><span class='ocrx_word' id='word_1_12' title='bbox 265 1126 299 1195; x_wconf 86' lang='lat' dir='ltr'><strong>C.</strong></span> <span class='ocrx_word' id='word_1_13' title='bbox 314 1123 394 1197; x_wconf 85' lang='lat' dir='ltr'><strong>ltan&#39;</strong></span> <span class='ocrx_word' id='word_1_14' title='bbox 406 1125 544 1224; x_wconf 76' lang='lat' dir='ltr'><strong>Chrysis</strong></span> <span class='ocrx_word' id='word_1_15' title='bbox 564 1140 572 1173; x_wconf 86' lang='lat'><em>¹</em></span> <span class='ocrx_word' id='word_1_16' title='bbox 592 1124 606 1197; x_wconf 82' lang='lat' dir='ltr'><strong>l</strong></span> <span class='ocrx_word' id='word_1_17' title='bbox 623 1123 713 1197; x_wconf 90' lang='lat' dir='ltr'><strong>hem.</strong></span> <span class='ocrx_word' id='word_1_18' title='bbox 735 1126 786 1197; x_wconf 82' lang='lat' dir='ltr'><strong>M.</strong></span> <span class='ocrx_word' id='word_1_19' title='bbox 801 1147 862 1196; x_wconf 87' lang='lat' dir='ltr'><strong>nos</strong></span> <span class='ocrx_word' id='word_1_20' title='bbox 877 1124 1011 1222; x_wconf 85' lang='lat' dir='ltr'><strong>quidem</strong></span> <span class='ocrx_word' id='word_1_21' title='bbox 1026 1124 1084 1221; x_wconf 89' lang='lat' dir='ltr'><strong>pol</strong></span> <span class='ocrx_word' id='word_1_22' title='bbox 1101 1124 1234 1201; x_wconf 77' lang='lat' dir='ltr'><strong>miseras</strong></span> 
     </span>
    </p>
   </div>
   <div class='ocr_carea' id='block_1_3' title="bbox 167 1248 1249 3211">
    <p class='ocr_par' dir='ltr' id='par_1_3' title="bbox 167 1248 1249 3211">
     <span class='ocr_line' id='line_1_4' title="bbox 387 1248 588 1346; baseline -0.015 -24"><span class='ocrx_word' id='word_1_23' title='bbox 387 1272 390 1277; x_wconf 89' lang='grc'><strong><em>·</em></strong></span> <span class='ocrx_word' id='word_1_24' title='bbox 434 1248 588 1346; x_wconf 82' lang='lat' dir='ltr'><strong>perdidit.</strong></span> 
     </span>
     <span class='ocr_line' id='line_1_5' title="bbox 167 1371 1232 1472; baseline 0.005 -28"><span class='ocrx_word' id='word_1_25' title='bbox 167 1382 177 1462; x_wconf 58' lang='lat' dir='ltr'><em>j</em></span> <span class='ocrx_word' id='word_1_26' title='bbox 265 1376 302 1446; x_wconf 85' lang='lat' dir='ltr'><strong>C.</strong></span> <span class='ocrx_word' id='word_1_27' title='bbox 332 1373 430 1468; x_wconf 82' lang='lat' dir='ltr'><strong>Quid</strong></span> <span class='ocrx_word' id='word_1_28' title='bbox 454 1381 544 1446; x_wconf 87' lang='lat' dir='ltr'><strong>vos?</strong></span> <span class='ocrx_word' id='word_1_29' title='bbox 576 1398 646 1472; x_wconf 82' lang='lat' dir='ltr'><strong>quo</strong></span> <span class='ocrx_word' id='word_1_30' title='bbox 672 1374 773 1471; x_wconf 68' lang='lat' dir='ltr'><strong>pallo</strong></span> <span class='ocrx_word' id='word_1_31' title='bbox 801 1372 886 1446; x_wconf 84' lang='lat' dir='ltr'><strong>hic?</strong></span> <span class='ocrx_word' id='word_1_32' title='bbox 912 1371 983 1444; x_wconf 84' lang='lat' dir='ltr'><strong>sati’</strong></span> <span class='ocrx_word' id='word_1_33' title='bbox 1004 1396 1047 1446; x_wconf 89' lang='lat' dir='ltr'><strong>ne</strong></span> <span class='ocrx_word' id='word_1_34' title='bbox 1071 1374 1159 1448; x_wconf 75' lang='lat' dir='ltr'><strong>reste</strong></span> <span class='ocrx_word' id='word_1_35' title='bbox 1182 1374 1232 1449; x_wconf 68' lang='lat'><strong>²?</strong></span> 
     </span>
     <span class='ocr_line' id='line_1_6' title="bbox 433 1496 745 1573; baseline 0 -4"><span class='ocrx_word' id='word_1_36' title='bbox 433 1500 484 1569; x_wconf 90' lang='lat' dir='ltr'><strong>M.</strong></span> <span class='ocrx_word' id='word_1_37' title='bbox 511 1497 636 1573; x_wconf 79' lang='lat' dir='ltr'><strong>nosne?</strong></span> <span class='ocrx_word' id='word_1_38' title='bbox 657 1496 701 1570; x_wconf 86' lang='lat' dir='ltr'><strong>fic</strong></span> <span class='ocrx_word' id='word_1_39' title='bbox 720 1512 745 1569; x_wconf 82' lang='lat'><strong>3.</strong></span> 
     </span>
     <span class='ocr_line' id='line_1_7' title="bbox 262 1619 1234 1720; baseline 0.003 -27"><span class='ocrx_word' id='word_1_40' title='bbox 262 1620 312 1693; x_wconf 88' lang='lat' dir='ltr'><strong>Ut</strong></span> <span class='ocrx_word' id='word_1_41' title='bbox 322 1621 468 1719; x_wconf 87' lang='lat' dir='ltr'>quimus,</span> <span class='ocrx_word' id='word_1_42' title='bbox 479 1619 591 1708; x_wconf 86' lang='lat' dir='ltr'><strong>aiunt;</strong></span> <span class='ocrx_word' id='word_1_43' title='bbox 607 1624 806 1720; x_wconf 89' lang='lat' dir='ltr'><strong>quando,ut</strong></span> <span class='ocrx_word' id='word_1_44' title='bbox 817 1620 992 1712; x_wconf 84' lang='lat' dir='ltr'><strong>volumus,</strong></span> <span class='ocrx_word' id='word_1_45' title='bbox 1004 1646 1073 1695; x_wconf 89' lang='lat' dir='ltr'><strong>non</strong></span> <span class='ocrx_word' id='word_1_46' title='bbox 1085 1623 1174 1697; x_wconf 89' lang='lat' dir='ltr'><strong>licet.</strong></span> <span class='ocrx_word' id='word_1_47' title='bbox 1192 1646 1234 1696; x_wconf 84' lang='lat' dir='ltr'><strong>ro</strong></span> 
     </span>
     <span class='ocr_line' id='line_1_8' title="bbox 175 1744 1233 1845; baseline 0.004 -29"><span class='ocrx_word' id='word_1_48' title='bbox 175 1789 181 1798; x_wconf 93' lang='lat'><em>-</em></span> <span class='ocrx_word' id='word_1_49' title='bbox 266 1751 303 1819; x_wconf 84' lang='lat' dir='ltr'><strong>C.</strong></span> <span class='ocrx_word' id='word_1_50' title='bbox 317 1746 411 1840; x_wconf 86' lang='lat' dir='ltr'>Quid</span> <span class='ocrx_word' id='word_1_51' title='bbox 426 1747 651 1845; x_wconf 78' lang='lat' dir='ltr'><strong>Glycerium?</strong></span> <span class='ocrx_word' id='word_1_52' title='bbox 664 1746 730 1819; x_wconf 92' lang='lat' dir='ltr'><strong>iam</strong></span> <span class='ocrx_word' id='word_1_53' title='bbox 744 1747 799 1818; x_wconf 89' lang='lat' dir='ltr'><strong>hic</strong></span> <span class='ocrx_word' id='word_1_54' title='bbox 814 1744 889 1819; x_wconf 84' lang='lat' dir='ltr'><strong>suos</strong></span> <span class='ocrx_word' id='word_1_55' title='bbox 902 1765 1051 1843; x_wconf 82' lang='lat' dir='ltr'><strong>parentet</strong></span> <span class='ocrx_word' id='word_1_56' title='bbox 1065 1748 1233 1844; x_wconf 76' lang='lat' dir='ltr'><strong>repperit?</strong></span> 
     </span>
     <span class='ocr_line' id='line_1_9' title="bbox 264 1870 1234 1968; baseline 0.005 -28"><span class='ocrx_word' id='word_1_57' title='bbox 264 1873 315 1942; x_wconf 87' lang='lat' dir='ltr'><strong>M.</strong></span> <span class='ocrx_word' id='word_1_58' title='bbox 336 1870 497 1944; x_wconf 89' lang='lat' dir='ltr'><strong>Utinam!</strong></span> <span class='ocrx_word' id='word_1_59' title='bbox 523 1875 560 1944; x_wconf 88' lang='lat' dir='ltr'><strong>C.</strong></span> <span class='ocrx_word' id='word_1_60' title='bbox 578 1896 619 1943; x_wconf 88' lang='lat' dir='ltr'><strong>an</strong></span> <span class='ocrx_word' id='word_1_61' title='bbox 638 1872 792 1945; x_wconf 89' lang='lat' dir='ltr'><strong>nondum</strong></span> <span class='ocrx_word' id='word_1_62' title='bbox 811 1870 936 1944; x_wconf 80' lang='lat' dir='ltr'><strong>etiam?</strong></span> <span class='ocrx_word' id='word_1_63' title='bbox 954 1870 1043 1945; x_wconf 89' lang='lat' dir='ltr'><strong>haud</strong></span> <span class='ocrx_word' id='word_1_64' title='bbox 1064 1872 1234 1968; x_wconf 84' lang='lat' dir='ltr'><strong>auspicato</strong></span> 
     </span>
     <span class='ocr_line' id='line_1_10' title="bbox 432 1997 722 2071; baseline 0.007 -2"><span class='ocrx_word' id='word_1_65' title='bbox 432 1998 498 2071; x_wconf 90' lang='lat' dir='ltr'><strong>huc</strong></span> <span class='ocrx_word' id='word_1_66' title='bbox 524 2023 579 2070; x_wconf 90' lang='lat' dir='ltr'><strong>me</strong></span> <span class='ocrx_word' id='word_1_67' title='bbox 603 1997 722 2071; x_wconf 73' lang='lat' dir='ltr'><strong>attulit</strong></span> 
     </span>
     <span class='ocr_line' id='line_1_11' title="bbox 263 2118 1233 2222; baseline 0.002 -30"><span class='ocrx_word' id='word_1_68' title='bbox 263 2119 353 2192; x_wconf 84' lang='lat' dir='ltr'><strong>Nam</strong></span> <span class='ocrx_word' id='word_1_69' title='bbox 372 2119 449 2216; x_wconf 89' lang='lat' dir='ltr'><strong>pol,</strong></span> <span class='ocrx_word' id='word_1_70' title='bbox 469 2120 492 2191; x_wconf 84' lang='lat' dir='ltr'>fi</span> <span class='ocrx_word' id='word_1_71' title='bbox 515 2121 551 2193; x_wconf 90' lang='lat' dir='ltr'><strong>id</strong></span> <span class='ocrx_word' id='word_1_72' title='bbox 572 2120 724 2214; x_wconf 77' lang='lat' dir='ltr'><strong>scissem,</strong></span> <span class='ocrx_word' id='word_1_73' title='bbox 746 2146 918 2222; x_wconf 88' lang='lat' dir='ltr'><strong>nunquam</strong></span> <span class='ocrx_word' id='word_1_74' title='bbox 941 2120 1007 2194; x_wconf 90' lang='lat' dir='ltr'><strong>huc</strong></span> <span class='ocrx_word' id='word_1_75' title='bbox 1025 2118 1199 2194; x_wconf 79' lang='lat' dir='ltr'><strong>tetulissem</strong></span> <span class='ocrx_word' id='word_1_76' title='bbox 1216 2138 1233 2184; x_wconf 88' lang='lat'>⁴</span> 
     </span>
     <span class='ocr_line' id='line_1_12' title="bbox 408 2245 580 2341; baseline 0.006 -25"><span class='ocrx_word' id='word_1_77' title='bbox 408 2245 580 2341; x_wconf 68' lang='lat' dir='ltr'><strong>’pedemz</strong></span> 
     </span>
     <span class='ocr_line' id='line_1_13' title="bbox 263 2367 1232 2468; baseline 0.001 -29"><span class='ocrx_word' id='word_1_78' title='bbox 263 2369 591 2464; x_wconf 75' lang='lat' dir='ltr'><strong>Semperenimdisla</strong></span> <span class='ocrx_word' id='word_1_79' title='bbox 602 2367 648 2442; x_wconf 86' lang='lat' dir='ltr'><strong>est</strong></span> <span class='ocrx_word' id='word_1_80' title='bbox 660 2368 730 2442; x_wconf 91' lang='lat' dir='ltr'><strong>eius</strong></span> <span class='ocrx_word' id='word_1_81' title='bbox 742 2368 822 2444; x_wconf 90' lang='lat' dir='ltr'><strong>haec</strong></span> <span class='ocrx_word' id='word_1_82' title='bbox 835 2391 933 2468; x_wconf 86' lang='lat' dir='ltr'><strong>atque</strong></span> <span class='ocrx_word' id='word_1_83' title='bbox 946 2370 1055 2445; x_wconf 88' lang='lat' dir='ltr'><strong>habita</strong></span> <span class='ocrx_word' id='word_1_84' title='bbox 1064 2367 1232 2442; x_wconf 81' lang='lat' dir='ltr'><strong>ellsoror:</strong></span> 
     </span>
     <span class='ocr_line' id='line_1_14' title="bbox 265 2490 1228 2592; baseline 0.005 -32"><span class='ocrx_word' id='word_1_85' title='bbox 265 2494 365 2584; x_wconf 83' lang='lat' dir='ltr'>Quae</span> <span class='ocrx_word' id='word_1_86' title='bbox 377 2491 463 2562; x_wconf 86' lang='lat' dir='ltr'><strong>illius</strong></span> <span class='ocrx_word' id='word_1_87' title='bbox 477 2490 625 2580; x_wconf 85' lang='lat' dir='ltr'><strong>suenmt,</strong></span> <span class='ocrx_word' id='word_1_88' title='bbox 639 2494 794 2592; x_wconf 75' lang='lat' dir='ltr'><strong>possidet.</strong></span> <span class='ocrx_word' id='word_1_89' title='bbox 823 2523 911 2571; x_wconf 86' lang='lat' dir='ltr'><strong>nunc</strong></span> <span class='ocrx_word' id='word_1_90' title='bbox 923 2521 978 2570; x_wconf 84' lang='lat' dir='ltr'><strong>me</strong></span> <span class='ocrx_word' id='word_1_91' title='bbox 991 2493 1156 2592; x_wconf 84' lang='lat' dir='ltr'><strong>hospitem</strong></span> <span class='ocrx_word' id='word_1_92' title='bbox 1189 2515 1228 2592; x_wconf 76' lang='grc' dir='ltr'><strong>ις</strong></span> 
     </span>
     <span class='ocr_line' id='line_1_15' title="bbox 266 2612 1154 2719; baseline 0.009 -35"><span class='ocrx_word' id='word_1_93' title='bbox 266 2613 355 2685; x_wconf 81' lang='lat' dir='ltr'><strong>Lites</strong></span> <span class='ocrx_word' id='word_1_94' title='bbox 370 2612 481 2713; x_wconf 89' lang='lat' dir='ltr'><strong>sequi,</strong></span> <span class='ocrx_word' id='word_1_95' title='bbox 494 2640 592 2713; x_wconf 90' lang='lat' dir='ltr'><strong>quam</strong></span> <span class='ocrx_word' id='word_1_96' title='bbox 609 2617 662 2689; x_wconf 87' lang='lat' dir='ltr'><strong>hic</strong></span> <span class='ocrx_word' id='word_1_97' title='bbox 676 2620 758 2691; x_wconf 91' lang='lat' dir='ltr'><strong>mihi</strong></span> <span class='ocrx_word' id='word_1_98' title='bbox 773 2619 810 2691; x_wconf 84' lang='lat' dir='ltr'><strong>fit</strong></span> <span class='ocrx_word' id='word_1_99' title='bbox 825 2619 920 2693; x_wconf 84' lang='lat' dir='ltr'><strong>facile</strong></span> <span class='ocrx_word' id='word_1_100' title='bbox 933 2638 1033 2719; x_wconf 85' lang='lat' dir='ltr'><strong>atque</strong></span> <span class='ocrx_word' id='word_1_101' title='bbox 1048 2618 1154 2711; x_wconf 86' lang='lat' dir='ltr'><strong>utile,</strong></span> 
     </span>
     <span class='ocr_line' id='line_1_16' title="bbox 266 2728 1249 2837; baseline 0.007 -30"><span class='ocrx_word' id='word_1_102' title='bbox 266 2736 419 2810; x_wconf 82' lang='lat' dir='ltr'><strong>Aliorum</strong></span> <span class='ocrx_word' id='word_1_103' title='bbox 441 2741 593 2837; x_wconf 85' lang='lat' dir='ltr'><strong>exempla</strong></span> <span class='ocrx_word' id='word_1_104' title='bbox 612 2764 841 2818; x_wconf 89' lang='lat' dir='ltr'><strong>commonent.</strong></span> <span class='ocrx_word' id='word_1_105' title='bbox 862 2743 954 2818; x_wconf 84' lang='lat' dir='ltr'><strong>fimul</strong></span> <span class='ocrx_word' id='word_1_106' title='bbox 971 2745 1139 2830; x_wconf 81' lang='lat' dir='ltr'><strong>arbitror,</strong></span> <span class='ocrx_word' id='word_1_107' title='bbox 1239 2728 1249 2751; x_wconf 66' lang='lat'><strong>⁹</strong></span> 
     </span>
     <span class='ocr_line' id='line_1_17' title="bbox 265 2846 1232 2963; baseline 0.006 -31"><span class='ocrx_word' id='word_1_108' title='bbox 265 2864 335 2934; x_wconf 87' lang='lat' dir='ltr'><strong>lam</strong></span> <span class='ocrx_word' id='word_1_109' title='bbox 355 2861 421 2936; x_wconf 87' lang='lat' dir='ltr'><strong>elle</strong></span> <span class='ocrx_word' id='word_1_110' title='bbox 446 2864 592 2963; x_wconf 84' lang='lat' dir='ltr'><strong>aliquem</strong></span> <span class='ocrx_word' id='word_1_111' title='bbox 614 2866 785 2959; x_wconf 88' lang='lat' dir='ltr'><strong>amicum,</strong></span> <span class='ocrx_word' id='word_1_112' title='bbox 801 2846 840 2941; x_wconf 85' lang='lat' dir='ltr'><strong>et</strong></span> <span class='ocrx_word' id='word_1_113' title='bbox 863 2868 1073 2942; x_wconf 87' lang='lat' dir='ltr'><strong>defensorem</strong></span> <span class='ocrx_word' id='word_1_114' title='bbox 1087 2865 1136 2940; x_wconf 86' lang='lat' dir='ltr'><strong>ei:</strong></span> <span class='ocrx_word' id='word_1_115' title='bbox 1155 2889 1232 2938; x_wconf 90' lang='lat' dir='ltr'><strong>nam</strong></span> 
     </span>
     <span class='ocr_line' id='line_1_18' title="bbox 436 2988 507 3063; baseline 0.028 -2"><span class='ocrx_word' id='word_1_116' title='bbox 436 2988 507 3063; x_wconf 91' lang='lat' dir='ltr'><strong>fere</strong></span> 
     </span>
     <span class='ocr_line' id='line_1_19' title="bbox 263 3111 1172 3211; baseline -0.003 -22"><span class='ocrx_word' id='word_1_117' title='bbox 263 3115 504 3190; x_wconf 78' lang='lat' dir='ltr'><strong>Grandiuscula</strong></span> <span class='ocrx_word' id='word_1_118' title='bbox 528 3114 594 3187; x_wconf 86' lang='lat' dir='ltr'><strong>iam</strong></span> <span class='ocrx_word' id='word_1_119' title='bbox 618 3113 767 3211; x_wconf 73' lang='lat' dir='ltr'><strong>profetia</strong></span> <span class='ocrx_word' id='word_1_120' title='bbox 790 3112 837 3186; x_wconf 91' lang='lat' dir='ltr'><strong>est</strong></span> <span class='ocrx_word' id='word_1_121' title='bbox 858 3112 968 3187; x_wconf 85' lang='lat' dir='ltr'><strong>illinc:</strong></span> <span class='ocrx_word' id='word_1_122' title='bbox 986 3111 1172 3188; x_wconf 80' lang='lat' dir='ltr'><strong>‘clamitent</strong></span> 
     </span>
    </p>
   </div>
   <div class='ocr_carea' id='block_1_4' title="bbox 212 3359 1311 4268">
    <p class='ocr_par' dir='ltr' id='par_1_4' title="bbox 304 3359 1230 3448">
     <span class='ocr_line' id='line_1_20' title="bbox 304 3359 1230 3448; baseline -0.006 -22"><span class='ocrx_word' id='word_1_123' title='bbox 304 3384 319 3426; x_wconf 88' lang='lat'>1</span> <span class='ocrx_word' id='word_1_124' title='bbox 332 3360 719 3448; x_wconf 80' lang='lat' dir='ltr'><strong>Subint.periir,&amp;ellrom·</strong></span> <span class='ocrx_word' id='word_1_125' title='bbox 776 3361 845 3421; x_wconf 84' lang='lat' dir='ltr'><strong>infra</strong></span> <span class='ocrx_word' id='word_1_126' title='bbox 859 3360 910 3432; x_wconf 86' lang='lat' dir='ltr'><strong>V,</strong></span> <span class='ocrx_word' id='word_1_127' title='bbox 925 3379 937 3420; x_wconf 90' lang='lat'>1</span> <span class='ocrx_word' id='word_1_128' title='bbox 952 3407 961 3435; x_wconf 92' lang='lat'><strong>‚</strong></span> <span class='ocrx_word' id='word_1_129' title='bbox 982 3379 1025 3442; x_wconf 80' lang='lat'><strong>13.</strong></span> <span class='ocrx_word' id='word_1_130' title='bbox 1042 3384 1059 3422; x_wconf 79' lang='lat' dir='ltr'><strong>a</strong></span> <span class='ocrx_word' id='word_1_131' title='bbox 1076 3359 1230 3423; x_wconf 71' lang='lat' dir='ltr'><strong>charaslere</strong></span> 
     </span>
    </p>

    <p class='ocr_par' dir='ltr' id='par_1_5' title="bbox 262 3461 1233 3547">
     <span class='ocr_line' id='line_1_21' title="bbox 262 3461 1233 3547; baseline -0.01 -18"><span class='ocrx_word' id='word_1_132' title='bbox 262 3470 429 3543; x_wconf 84' lang='lat' dir='ltr'><strong>miserantis,</strong></span> <span class='ocrx_word' id='word_1_133' title='bbox 443 3468 718 3547; x_wconf 79' lang='lat' dir='ltr'><strong>noninterrogantis3</strong></span> <span class='ocrx_word' id='word_1_134' title='bbox 775 3463 899 3526; x_wconf 86' lang='lat' dir='ltr'><strong>Comico</strong></span> <span class='ocrx_word' id='word_1_135' title='bbox 917 3462 1035 3522; x_wconf 82' lang='lat' dir='ltr'><strong>alienum</strong></span> <span class='ocrx_word' id='word_1_136' title='bbox 1061 3461 1169 3523; x_wconf 79' lang='lat' dir='ltr'><strong>Criticis</strong></span> <span class='ocrx_word' id='word_1_137' title='bbox 1188 3465 1233 3520; x_wconf 84' lang='lat' dir='ltr'><strong>vi·</strong></span> 
     </span>
    </p>

    <p class='ocr_par' dir='ltr' id='par_1_6' title="bbox 233 3563 1231 3671">
     <span class='ocr_line' id='line_1_22' title="bbox 233 3563 1231 3671; baseline -0.007 -39"><span class='ocrx_word' id='word_1_138' title='bbox 233 3644 238 3671; x_wconf 40' lang='grc' dir='ltr'>ι</span> <span class='ocrx_word' id='word_1_139' title='bbox 264 3594 298 3632; x_wconf 85' lang='lat' dir='ltr'><strong>ac</strong></span> <span class='ocrx_word' id='word_1_140' title='bbox 312 3573 371 3652; x_wconf 84' lang='lat' dir='ltr'><strong>plus</strong></span> <span class='ocrx_word' id='word_1_141' title='bbox 383 3571 519 3654; x_wconf 82' lang='lat' dir='ltr'><strong>gemendo</strong></span> <span class='ocrx_word' id='word_1_142' title='bbox 533 3569 718 3653; x_wconf 79' lang='lat' dir='ltr'><strong>significantis,</strong></span> <span class='ocrx_word' id='word_1_143' title='bbox 777 3568 836 3628; x_wconf 92' lang='lat' dir='ltr'><strong>sum</strong></span> <span class='ocrx_word' id='word_1_144' title='bbox 847 3566 960 3627; x_wconf 88' lang='lat' dir='ltr'><strong>obscure</strong></span> <span class='ocrx_word' id='word_1_145' title='bbox 968 3566 1045 3626; x_wconf 87' lang='lat' dir='ltr'><strong>dicit.</strong></span> <span class='ocrx_word' id='word_1_146' title='bbox 1062 3563 1147 3622; x_wconf 83' lang='lat' dir='ltr'><strong>Tcruli</strong></span> <span class='ocrx_word' id='word_1_147' title='bbox 1158 3564 1231 3625; x_wconf 81' lang='lat' dir='ltr'><strong>idem</strong></span> 
     </span>
    </p>

    <p class='ocr_par' dir='ltr' id='par_1_7' title="bbox 212 3665 1235 3756">
     <span class='ocr_line' id='line_1_23' title="bbox 212 3665 1235 3756; baseline -0.01 -21"><span class='ocrx_word' id='word_1_148' title='bbox 212 3684 214 3688; x_wconf 81' lang='grc'>’</span> <span class='ocrx_word' id='word_1_149' title='bbox 264 3694 350 3756; x_wconf 86' lang='lat' dir='ltr'><strong>quam</strong></span> <span class='ocrx_word' id='word_1_150' title='bbox 371 3675 518 3754; x_wconf 87' lang='lat' dir='ltr'><strong>loquendo.</strong></span> <span class='ocrx_word' id='word_1_151' title='bbox 781 3673 813 3735; x_wconf 78' lang='lat' dir='ltr'><strong>dt</strong></span> <span class='ocrx_word' id='word_1_152' title='bbox 830 3694 874 3754; x_wconf 78' lang='lat' dir='ltr'><strong>ap.</strong></span> <span class='ocrx_word' id='word_1_153' title='bbox 891 3668 1015 3730; x_wconf 83' lang='lat' dir='ltr'><strong>Plautum</strong></span> <span class='ocrx_word' id='word_1_154' title='bbox 1027 3666 1106 3750; x_wconf 86' lang='lat' dir='ltr'><strong>saepe</strong></span> <span class='ocrx_word' id='word_1_155' title='bbox 1117 3665 1235 3748; x_wconf 86' lang='lat' dir='ltr'><strong>legitur,</strong></span> 
     </span>
    </p>

    <p class='ocr_par' dir='ltr' id='par_1_8' title="bbox 310 3764 1235 3861">
     <span class='ocr_line' id='line_1_24' title="bbox 310 3764 1235 3861; baseline -0.009 -19"><span class='ocrx_word' id='word_1_156' title='bbox 310 3803 328 3842; x_wconf 88' lang='lat'>2</span> <span class='ocrx_word' id='word_1_157' title='bbox 346 3780 393 3840; x_wconf 87' lang='lat' dir='ltr'><strong>int.</strong></span> <span class='ocrx_word' id='word_1_158' title='bbox 412 3781 496 3860; x_wconf 82' lang='lat' dir='ltr'><strong>agitis.</strong></span> <span class='ocrx_word' id='word_1_159' title='bbox 757 3764 762 3773; x_wconf 53' lang='lat'><em>⁰</em></span> <span class='ocrx_word' id='word_1_160' title='bbox 777 3799 807 3842; x_wconf 85' lang='lat' dir='ltr'><strong>ur</strong></span> <span class='ocrx_word' id='word_1_161' title='bbox 817 3781 976 3861; x_wconf 77' lang='lat' dir='ltr'><strong>abantiquo</strong></span> <span class='ocrx_word' id='word_1_162' title='bbox 987 3777 1054 3852; x_wconf 83' lang='lat' dir='ltr'><strong>tulo,</strong></span> <span class='ocrx_word' id='word_1_163' title='bbox 1066 3774 1163 3859; x_wconf 87' lang='lat' dir='ltr'><strong>(tollo)</strong></span> <span class='ocrx_word' id='word_1_164' title='bbox 1175 3774 1235 3835; x_wconf 88' lang='lat' dir='ltr'><strong>sac·</strong></span> 
     </span>
    </p>

    <p class='ocr_par' dir='ltr' id='par_1_9' title="bbox 266 3883 1311 4076">
     <span class='ocr_line' id='line_1_25' title="bbox 314 3883 1232 3968; baseline -0.003 -26"><span class='ocrx_word' id='word_1_165' title='bbox 314 3904 329 3966; x_wconf 78' lang='lat'>3</span> <span class='ocrx_word' id='word_1_166' title='bbox 365 3883 394 3943; x_wconf 93' lang='lat' dir='ltr'><strong>h.</strong></span> <span class='ocrx_word' id='word_1_167' title='bbox 421 3904 445 3942; x_wconf 85' lang='lat' dir='ltr'><strong>e.</strong></span> <span class='ocrx_word' id='word_1_168' title='bbox 475 3883 654 3949; x_wconf 87' lang='lat' dir='ltr'><strong>mediocriter.</strong></span> <span class='ocrx_word' id='word_1_169' title='bbox 681 3887 718 3951; x_wconf 88' lang='lat' dir='ltr'><strong>cs.</strong></span> <span class='ocrx_word' id='word_1_170' title='bbox 776 3905 845 3950; x_wconf 91' lang='lat' dir='ltr'><strong>tum.</strong></span> <span class='ocrx_word' id='word_1_171' title='bbox 870 3887 963 3950; x_wconf 66' lang='lat' dir='ltr'><strong>Sedu</strong></span> <span class='ocrx_word' id='word_1_172' title='bbox 979 3885 1232 3968; x_wconf 78' lang='lat' dir='ltr'><strong>laliilcguntrcru·</strong></span> 
     </span>
     <span class='ocr_line' id='line_1_26' title="bbox 266 3984 1311 4076; baseline -0.003 -27"><span class='ocrx_word' id='word_1_173' title='bbox 266 3984 377 4049; x_wconf 84' lang='lat' dir='ltr'><strong>Phorm</strong></span> <span class='ocrx_word' id='word_1_174' title='bbox 395 3986 424 4061; x_wconf 88' lang='lat' dir='ltr'><strong>l,</strong></span> <span class='ocrx_word' id='word_1_175' title='bbox 441 4007 477 4056; x_wconf 89' lang='lat'><strong>2,</strong></span> <span class='ocrx_word' id='word_1_176' title='bbox 494 4006 544 4068; x_wconf 80' lang='lat'><strong>95.</strong></span> <span class='ocrx_word' id='word_1_177' title='bbox 564 3990 672 4052; x_wconf 86' lang='lat' dir='ltr'><strong>&amp;inest</strong></span> <span class='ocrx_word' id='word_1_178' title='bbox 690 3995 719 4054; x_wconf 86' lang='lat' dir='ltr'><strong>h.</strong></span> <span class='ocrx_word' id='word_1_179' title='bbox 775 3995 866 4076; x_wconf 78' lang='lat' dir='ltr'><strong>lifflm,</strong></span> <span class='ocrx_word' id='word_1_180' title='bbox 877 3991 1160 4076; x_wconf 84' lang='lat' dir='ltr'><strong>quodnondisplicer.</strong></span> <span class='ocrx_word' id='word_1_181' title='bbox 1172 3988 1232 4048; x_wconf 89' lang='lat' dir='ltr'><strong>Ne·</strong></span> <span class='ocrx_word' id='word_1_182' title='bbox 1306 4040 1311 4047; x_wconf 91' lang='lat'><strong><em>.</em></strong></span> 
     </span>
    </p>

    <p class='ocr_par' dir='ltr' id='par_1_10' title="bbox 266 4091 1234 4182">
     <span class='ocr_line' id='line_1_27' title="bbox 266 4091 1234 4182; baseline 0 -27"><span class='ocrx_word' id='word_1_183' title='bbox 266 4092 287 4155; x_wconf 89' lang='lat' dir='ltr'><strong>l.</strong></span> <span class='ocrx_word' id='word_1_184' title='bbox 299 4091 460 4177; x_wconf 80' lang='lat' dir='ltr'><strong>significatio</strong></span> <span class='ocrx_word' id='word_1_185' title='bbox 470 4092 625 4176; x_wconf 70' lang='lat' dir='ltr'><strong>languoris,</strong></span> <span class='ocrx_word' id='word_1_186' title='bbox 636 4118 720 4179; x_wconf 86' lang='lat' dir='ltr'><strong>quem</strong></span> <span class='ocrx_word' id='word_1_187' title='bbox 776 4122 830 4182; x_wconf 84' lang='lat' dir='ltr'><strong>que</strong></span> <span class='ocrx_word' id='word_1_188' title='bbox 847 4103 920 4161; x_wconf 90' lang='lat' dir='ltr'><strong>enim</strong></span> <span class='ocrx_word' id='word_1_189' title='bbox 937 4099 1042 4179; x_wconf 84' lang='lat' dir='ltr'><strong>semper</strong></span> <span class='ocrx_word' id='word_1_190' title='bbox 1059 4099 1122 4162; x_wconf 83' lang='lat' dir='ltr'><strong>huic</strong></span> <span class='ocrx_word' id='word_1_191' title='bbox 1143 4093 1234 4159; x_wconf 84' lang='lat' dir='ltr'><strong>verbo</strong></span> 
     </span>
    </p>

    <p class='ocr_par' dir='ltr' id='par_1_11' title="bbox 269 4193 1037 4268">
     <span class='ocr_line' id='line_1_28' title="bbox 269 4193 1037 4268; baseline 0.004 -14"><span class='ocrx_word' id='word_1_192' title='bbox 269 4193 347 4254; x_wconf 82' lang='lat' dir='ltr'><strong>bonis</strong></span> <span class='ocrx_word' id='word_1_193' title='bbox 368 4197 416 4258; x_wconf 82' lang='lat' dir='ltr'><strong>dat</strong></span> <span class='ocrx_word' id='word_1_194' title='bbox 436 4196 550 4259; x_wconf 85' lang='lat' dir='ltr'><strong>miseria.</strong></span> <span class='ocrx_word' id='word_1_195' title='bbox 780 4201 848 4265; x_wconf 81' lang='lat' dir='ltr'><strong>inest</strong></span> <span class='ocrx_word' id='word_1_196' title='bbox 862 4205 906 4265; x_wconf 80' lang='lat' dir='ltr'><strong>vis</strong></span> <span class='ocrx_word' id='word_1_197' title='bbox 919 4210 950 4262; x_wconf 70' lang='lat' dir='ltr'><strong>ln</strong></span> <span class='ocrx_word' id='word_1_198' title='bbox 961 4219 1037 4268; x_wconf 80' lang='lat' dir='ltr'><strong>retro,</strong></span> 
     </span>
    </p>
   </div>
   <div class='ocr_carea' id='block_1_5' title="bbox 243 4296 724 4378">
    <p class='ocr_par' dir='ltr' id='par_1_12' title="bbox 243 4296 724 4378">
     <span class='ocr_line' id='line_1_29' title="bbox 243 4296 724 4378; baseline 0.008 -17"><span class='ocrx_word' id='word_1_199' title='bbox 243 4362 247 4371; x_wconf 79' lang='grc'><em>,</em></span> <span class='ocrx_word' id='word_1_200' title='bbox 306 4296 432 4378; x_wconf 81' lang='lat' dir='ltr'><strong>4Quod</strong></span> <span class='ocrx_word' id='word_1_201' title='bbox 451 4302 556 4367; x_wconf 90' lang='lat' dir='ltr'><strong>Donat.</strong></span> <span class='ocrx_word' id='word_1_202' title='bbox 573 4304 604 4367; x_wconf 73' lang='grc' dir='ltr'><strong>δι</strong></span> <span class='ocrx_word' id='word_1_203' title='bbox 620 4303 647 4367; x_wconf 91' lang='lat' dir='ltr'><strong>h.</strong></span> <span class='ocrx_word' id='word_1_204' title='bbox 662 4302 724 4365; x_wconf 83' lang='lat' dir='ltr'><strong>l&amp;</strong></span> 
     </span>
    </p>
   </div>
   <div class='ocr_carea' id='block_1_6' title="bbox 0 0 1413 5234">
    <p class='ocr_par' dir='ltr' id='par_1_13' title="bbox 0 0 1413 5234">
     <span class='ocr_line' id='line_1_30' title="bbox 0 0 1413 5234; baseline 0 0"><span class='ocrx_word' id='word_1_205' title='bbox 0 0 1413 5234; x_wconf 95' lang='lat' dir='ltr'><strong> </strong></span> 
     </span>
    </p>
   </div>
  </div>
 </body>
</html>
