2809 5234
136 594 139 601 Ι
248 518 293 570 η
379 452 963 581 ¹-utauaurtr

230 661 390 766 ,Egomet
403 632 620 755 quoqueeius
635 655 730 728 causa
743 654 777 747 ἰῃ
792 653 889 726 funus
905 648 1060 750 prodeo,

242 783 336 855 Nihil
365 781 529 879 suspicans
554 782 654 855 etiam
685 779 774 854 mali.
800 784 858 851 So.
883 779 988 870 hcm,
1015 775 1098 876 quid
1124 775 1205 852 est?

339 910 388 977 Si.
410 905 500 979 scies.

239 1030 396 1104 Effertur.
412 1029 509 1103 imus.
524 1028 649 1115 interea
661 1028 746 1101 iuter
760 1028 933 1118 mulieres,
1157 1048 1208 1121 90

221 1158 335 1249 ‘Quae
344 1154 392 1226 ibi
402 1152 549 1242 aderant,
558 1154 645 1225 forte
653 1152 906 1249 uuamadspicio
915 1149 1209 1238 adolescentulam,

105 1338 107 1344 Α
158 1382 163 1393 ⁴
238 1284 385 1354 Forma!
405 1283 461 1350 So.
473 1276 734 1372 bonafortaffei
750 1279 802 1351 Si.
814 1294 849 1349 et
862 1277 981 1362 voltu,
994 1272 1105 1361 Sosta,

237 1405 335 1476 Adeo
349 1399 529 1492 modesto,
546 1400 631 1475 adeo
646 1399 960 1486 vemtsto‚dtnihil
973 1400 1081 1498 supra.
1234 1426 1237 1433 ·

237 1527 331 1619 Quia
343 1545 413 1597 tum
428 1524 508 1597 mihi
522 1525 691 1599 lamentari
707 1545 839 1621 praeter
854 1540 983 1598 ceteras

170 1707 173 1715 .
237 1650 317 1722 Visa
332 1648 444 1724 estzet
458 1650 536 1747 quia
551 1667 620 1720 erat
631 1647 743 1721 forma
757 1667 885 1744 praeter
899 1664 1025 1720 ceteras
1156 1670 1202 1745 95
1274 1653 1278 1661 '

237 1771 406 1862 Honesta,
426 1792 459 1844 et
470 1773 619 1858 iiberali3
635 1773 762 1858 accedo
775 1773 817 1864 ad
832 1769 1063 1868 pedissequam

237 1897 334 1990 Quae
347 1894 517 1993 stt,togo.
540 1893 689 1967 sororem
708 1893 774 1968 effe
786 1894 879 1966 aiunt
892 1894 1075 1993 Chryfidis.
1175 1902 1178 1906 ’
1246 1954 1251 1965 .

235 2001 392 2093 Per'cuffit
405 2019 496 2092 illico
507 2019 666 2091 animum.
691 2037 724 2091 at
747 2026 798 2090 att
815 2017 883 2091 hoc
894 2018 976 2090 illud
990 2018 1037 2092 est
1052 2028 1068 2101 t,
1236 1994 1241 2014 ⁸
1317 2024 1321 2033 '

99 2204 107 2223 t
237 2145 327 2218 Hinc
344 2132 416 2215 iliae
430 2135 595 2217 lacrumae
610 2141 717 2216 !.itaec
731 2140 786 2216 illa
803 2141 851 2214 est
871 2140 1116 2216 misericordia!

239 2275 296 2342 So.
323 2248 436 2360 Quam
462 2265 588 2357 timeo,
612 2265 773 2365 quorsum
792 2266 933 2340 evadas!
961 2274 1011 2343 St.
1033 2267 1134 2343 sunus
1152 2267 1205 2340 in·

408 2406 506 2464 ierim
927 2459 929 2462 .
1143 2413 1212 2463 100

151 2571 156 2581 .
238 2515 415 2592 Procedit:
435 2513 672 2612 sequimunad
684 2492 873 2615 sepulerum
885 2517 1051 2591 uenimus.

239 2645 275 2714 in
289 2643 401 2739 igriem
415 2636 566 2736 impodta
579 2640 644 2712 est:
660 2640 770 2716 fletur.
783 2643 904 2714 interea
910 2639 999 2745 Jtae'c
1012 2637 1133 2746 soror,

239 2769 351 2879 Quam
359 2763 450 2852 dixi,
463 2765 505 2838 ad
519 2763 688 2840 flammam
703 2763 835 2837 acceffit
847 2762 1090 2859 imprudentius
1094 2814 1109 2880 ?

115 2941 117 2947 ι
240 2892 322 2964 Satis
343 2912 419 2963 cum
437 2889 574 2984 periclo.
592 2888 640 2960 ibi
658 2905 731 2960 tum
748 2887 952 2992 exanimatus
971 2887 1159 2985 Pamphilus

241 3017 330 3088 Bene
346 3012 578 3107 diffimuiatum
592 3036 745 3084 amorem
764 3029 797 3084 et
813 3011 955 3087 celatum
974 3012 1115 3087 indicat:
1137 3036 1201 3112 ¹05

242 3131 417 3212 Accurrit-2
437 3139 580 3212 mediam
595 3135 770 3209 mulierem
787 3136 1040 3233 compledimr:

243 3267 322 3336 Mea
335 3258 674 3362 Glyceriuminquit,
680 3259 764 3358 quid
773 3262 863 3360 agis?
877 3280 977 3359 curte
987 3263 1014 3337 is
1024 3250 1207 3360 perditum)

243 3389 334 3462 Tum
348 3385 421 3478 illa,
437 3408 473 3461 ut
487 3382 792 3461 consuetumsacile
804 3410 954 3461 amorem
969 3413 1120 3462 cerneres
1134 3441 1146 3480 ‚

142 3514 147 3525 ’
244 3510 373 3586 Reiecit
389 3511 422 3585 se
442 3512 477 3585 in
498 3510 601 3594 eum,
620 3507 723 3598 flens,
742 3537 843 3610 quam
857 3510 1072 3588 familiariter.

244 3643 301 3711 So.
324 3636 417 3731 Quid
440 3635 514 3709 ais!
540 3639 589 3713 Si.
609 3635 712 3710 redeo
736 3637 816 3713 inde
838 3627 963 3729 iratus,
982 3657 1093 3736 atque,
1110 3659 1209 3734 aegre

352 3759 473 3850 ferens.
1143 3780 1213 3831 ιιο

246 3886 319 3960 Nec
332 3884 407 3958 satis
420 3884 462 3956 ad
470 3882 712 3982 obiurgandum
726 3885 849 3959 causae.
862 3884 1008 3974 diceret,
1079 3900 1083 3913 '
1129 3972 1133 3983 Ι

250 4010 345 4106 Quid
357 4006 422 4083 feci
435 4007 545 4106 uquid
559 4007 767 4102 commerui5
782 4031 839 4083 aur
849 4008 1013 4106 peccavi,
1026 3995 1148 4107 pater?
