2809 5234
179 938 182 945 -
270 856 1045 987 ,nrnnronrrmonunrnoe
1103 917 1180 1013 263-

218 1071 309 1145 Nam
330 1069 428 1142 amici
448 1093 585 1169 quoque
598 1074 709 1147 resest
721 1072 937 1164 videnda,in
951 1090 1026 1146 tuto
1046 1089 1084 1146 ut
1100 1075 1175 1148 col·

389 1193 527 1276 locetur.

110 1306 114 1311 ’
223 1318 277 1390 Ne
294 1315 374 1414 quid
387 1316 428 1388 de
451 1312 557 1388 amica
575 1337 663 1392 nune
686 1308 784 1393 senex
803 1330 826 1390 ¹.
846 1321 915 1390 C.o
930 1315 1075 1414 Iuppiter
1090 1329 1118 1393 ².
1144 1323 1180 1389 S.

393 1436 534 1535 quiesce.
919 1506 925 1519 .

230 1567 264 1633 C.
282 1560 450 1658 Antiphila
467 1585 540 1633 mea
560 1560 662 1637 nubet
682 1561 775 1636 mihi.
791 1569 829 1637 S.
847 1561 965 1638 siccine
976 1587 1030 1636 me
1043 1560 1181 1634 interlo-

396 1692 525 1782 quere?

229 1806 270 1880 Ὀ.
289 1808 382 1902 Quid
396 1807 535 1900 faciam,
545 1812 632 1910 Syre
644 1808 717 1884 mii
728 1807 876 1906 gamieo:
891 1805 942 1882 ser
954 1831 1009 1880 me
1025 1822 1051 1883 3.
1063 1814 1100 1882 S.
1110 1805 1185 1881 sero

391 1931 519 2007 hercle
540 1957 628 2008 vero
642 1947 669 2006 ⁴.
1256 1950 1261 1960 ’

230 2054 270 2128 C.
282 2056 435 2129 Deorum
449 2055 552 2131 vitam
566 2055 663 2161 apti}
686 2053 807 2128 sumus.
827 2059 865 2126 S.
887 2048 1005 2125 frustra
1025 2075 1186 2150 operam,

397 2178 545 2278 opinor,
568 2179 675 2253 sumo.
1144 2198 1183 2272 ις

234 2308 271 2377 C.
283 2306 460 2404 Inquere,
475 2303 586 2376 audio.
600 2310 636 2376 S.
649 2320 683 2377 at
693 2300 761 2374 iam
772 2299 840 2373 hoc
852 2323 923 2372 non
935 2321 1020 2399 ages.
1034 2302 1068 2371 C.
1084 2320 1190 2396 agam.

400 2432 436 2499 S.
449 2426 632 2500 videndum
655 2423 722 2512 esi,
741 2424 897 2522 inquam,

233 2547 347 2621 'Amici
359 2573 494 2646 quoque
509 2574 561 2623 res
572 2602 584 2638 ,
595 2545 721 2638 Csinia,
733 2546 783 2620 tui
794 2545 830 2619 in
841 2562 916 2619 tuto
930 2563 967 2618 ut
984 2543 1190 2620 collocetur:

236 2669 603 2745 Namsrnuncanobis
611 2671 742 2763 tibimet
751 2670 945 2746 Bacchidem
956 2667 1012 2742 hic
1022 2668 1194 2767 relinquis,

143 2810 154 2817 ”
239 2795 346 2870 Senex
368 2793 385 2844 ⁶
410 2792 584 2886 resciscet,
608 2794 697 2871 illico
722 2795 788 2872 esse
819 2797 957 2873 amicam
984 2794 1069 2868 hanc
1093 2788 1194 2866 Cliti-

279 2906 284 2918 ’
407 2918 548 3017 phonis:
566 2904 584 2965 -’
762 2999 766 3009 ,

238 3042 274 3115 Si
286 3041 472 3132 abduxeris,
485 3038 644 3119 celabitur
652 3038 835 3130 itidem,ut
848 3037 1129 3114 celataadhucess.
1151 3062 1198 3110 20

115 3183 118 3191 '
244 3168 282 3236 C.
299 3167 346 3236 At
358 3156 447 3237 enim
463 3164 546 3237 istoc
560 3164 642 3237 nihil
659 3163 706 3235 esi
718 3161 842 3260 magis,
856 3164 962 3262 Syre,
974 3148 1057 3236 meis
1077 3160 1198 3259 nuptiis

410 3287 588 3361 advorsum
600 3310 618 3361 :.

244 3407 332 3482 Nam
345 3431 415 3509 quo
428 3416 490 3483 o're
502 3408 677 3507 appellabo
691 3408 839 3508 patrem?
852 3422 960 3499 tenes,
975 3403 1055 3505 quid
1068 3395 1199 3480 dicuni?

412 3540 450 3605 S.
473 3534 615 3631 quidni?

289 3749 303 3788 1
320 3729 368 3789 im.
379 3725 507 3787 resciscat.
754 3726 856 3809 dequo
868 3726 958 3788 verbo
968 3725 1089 3808 pluribus
1102 3721 1205 3784 disium

289 3835 696 3917 nExultarepergir,nequeau·
754 3838 791 3898 ad
811 3837 882 3898 Tac.
902 3838 1003 3899 Annas.
1025 3832 1157 3906 vossi,
1176 3854 1205 3913 p.

249 3939 290 4000 dir
306 3937 419 4021 Syrum
760 3940 817 4020 358
839 3939 877 4020 sq.
904 3943 942 4007 cf.
965 3964 1058 4006 amem
1076 3945 1208 4025 gaudium

294 4041 494 4125 firmiter,
513 4056 600 4119 putat,
759 4040 891 4122 Pamphili
908 4043 997 4106 Andr.
1008 4048 1058 4118 V,
1074 4065 1109 4127 ς,
1124 4064 1148 4124 3.

291 4171 311 4225 4
329 4147 392 4210 Scil.
407 4145 577 4226 impatienter
592 4141 661 4206 satie.
801 4145 874 4206 6inr.
885 4145 1151 4226 noster‚quod&nsii
1160 4164 1213 4224 pro

296 4252 705 4340 5SicBemb.&metrumpo-
761 4248 807 4312 isso
820 4236 946 4318 reddunt

256 4367 341 4434 siuht.
358 4364 405 4431 Esi
418 4366 512 4449 patric.
530 4364 566 4427 ab
580 4364 703 4447 apiscm,
979 4441 1009 4510 R

1033 4466 1058 4528 4
1115 4468 1119 4476 .
