2809 5234
955 636 969 644 a

1597 624 1617 637 'h

1704 692 1711 703 ι

2163 722 2175 735 0

976 908 1706 987 ‘ADELPHL
1970 930 1977 937 ·
2239 923 2330 1002 79

393 1091 419 1123 ¹
458 1077 752 1151 Amicus
791 1071 1075 1173 quidam
1116 1097 1229 1145 me
1279 1067 1528 1143 a·foro
1570 1065 1862 1143 abduxit
1912 1065 2132 1140 modo

386 1203 543 1276 Ηιπῑ
572 1203 992 1275 advocatum
1015 1196 1159 1270 fibi.
1191 1201 1309 1268 Ae.
1361 1191 1571 1290 quid?
1629 1195 1737 1265 M.
1771 1213 1905 1288 ego
1935 1189 2158 1262 dicam
2182 1186 2411 1305 tibh!

390 1325 723 1398 Habitant
778 1322 893 1396 hic
947 1319 1285 1419 quaedam
1324 1319 1653 1392 mulieres
1699 1314 2162 1414 pauperculae
2205 1331 2233 1364 ²
2260 1340 2285 1386 ε

390 1447 676 1543 Opinor
723 1445 845 1518 has
888 1469 1037 1517 non
1077 1440 1269 1514 noffe
1325 1457 1397 1511 te
1428 1493 1451 1530 ‚
1494 1459 1566 1512 et
1606 1457 1805 1513 certo
1845 1436 2038 1511 scio:

395 1572 648 1666 Neque
692 1569 876 1640 enim
910 1568 1031 1639 diu
1061 1565 1205 1638 huc
1238 1563 1811 1664 commigrarunt.
1845 1569 1955 1636 Ae.
1982 1561 2155 1660 quid
2181 1575 2339 1636 tum'

788 1684 1028 1783 postea
1066 1684 1144 1752 δ’.)

2247 1698 2330 1775 ¹5

394 1815 499 1885 M.
550 1809 774 1909 Virgo
825 1807 922 1882 est
993 1829 1154 1881 cum
1212 1820 1458 1877 matre.
1527 1805 1655 1878 Ae.
1713 1827 1946 1902 perge.
1989 1807 2095 1879 M.
2160 1805 2334 1879 haec

775 1930 983 2029 virgo
1020 1929 1195 2002 orba
1238 1925 1335 2000 est
1386 1942 1588 2023 patre
1622 1952 1643 1998 ε

398 2084 531 2156 Hic
595 2106 788 2155 meus
824 2078 1087 2153 amicus
1126 2074 1229 2148 illi
1279 2098 1532 2173 genere
1569 2071 1665 2145 est
1700 2098 2131 2170 proxumus:

395 2205 578 2277 Huic
620 2202 806 2300 leges
858 2214 1126 2298 cogunt
1163 2195 1427 2269 nubere
1469 2194 1671 2268 hanc.
1720 2198 1845 2268 Ae.
1907 2196 2082 2292 perii
2119 2212 2173 2271 ⁴.
2226 2203 2333 2276 M.

791 2325 960 2423 quid
1000 2321 1149 2396 est?

1648 2286 1743 2379 ἱ

391 2446 521 2520 Ae.
574 2443 697 2518 Nil
746 2470 766 2517 ε
829 2427 1058 2516 τεᾶὲε
1103 2465 1339 2541 perge.
1380 2443 1490 2517 M.
1546 2437 1604 2513 is
1664 2439 1905 2531 venit,
1964 2457 2047 2514 ut
2109 2438 2340 2516 secum

778 2566 1032 2639 avehat
1074 2589 1093 2634 ε

404 2691 587 2764 Nam
640 2685 907 2761 habitat
939 2684 1185 2759 Mileti.
1218 2692 1329 2758 Ae.
1371 2685 1535 2759 hem
1567 2685 1586 2760 2
1625 2685 1965 2785 virginem
1999 2706 2077 2763 ut
2109 2689 2347 2766 secum·

816 2811 1070 2884 avehat
1095 2814 1122 2882 ἓ

2233 2834 2332 2885 20

394 2939 514 3012 M.
555 2935 665 3011 sic
710 2933 829 3009 est.
871 2939 995 3007 Ae.
1038 2932 1359 3006 Miletum
1401 2933 1618 3034 usque
1640 2991 1670 3027 ,
1701 2934 2176 3013 obsecro?M.
2217 2933 2343 3015 ita.

792 3067 903 3133 Ae.
955 3061 1189 3135 animo
1247 3060 1428 3136 male
1471 3062 1567 3136 est
1607 3082 1659 3136 5.

397 3346 702 3431 pertineat.
741 3342 855 3404 Sed
888 3351 996 3402 ate.

487 3475 511 3512 t
587 3453 709 3512 Iam
779 3449 993 3534 fingere
1049 3449 1278 3532 incipit.

394 3563 553 3625 Bene
591 3583 777 3626 autem
818 3560 1038 3624 fimulat
1056 3606 1073 3637 ,
1091 3584 1279 3646 nego-

395 3670 540 3729 tium
565 3665 675 3728 effe
701 3670 975 3730 alienum.

478 3796 511 3832 2
554 3771 843 3833 obscuras
892 3795 986 3833 eas
1038 3772 1173 3833 facit
1219 3783 1275 3833 δε

396 3893 723 3957 pauperes;
754 3894 827 3932 an
864 3892 931 3956 ut·
966 3873 1115 3933 filius
1158 3895 1276 3934 cre-

400 3981 496 4042 dat
519 4025 537 4054 ‚
579 3999 783 4062 parum
817 3975 915 4036 fibi
936 3977 1135 4038 auxilii
1158 3977 1284 4038 fore

396 4109 435 4150 ι
471 4106 634 4170 patre
682 4084 754 4145 ad
802 4085 1073 4165 nuptias,
1113 4103 1286 4168 atque

401 4191 476 4252 fic
511 4194 567 4252 ei
593 4192 936 4255 obiiciantur
970 4213 1133 4255 curae
1155 4215 1293 4276 pau·

400 4294 602 4361 latim?

484 4420 514 4479 3
568 4401 762 4467 Anxie
795 4406 1016 4496 quaerit
1047 4403 1195 4475 filius
1212 4430 1278 4473 a·-

1450 3360 1640 3404 mator
1665 3362 1683 3400 .-
1712 3350 1768 3403 &
1793 3343 1987 3404 crescit
2006 3365 2137 3407 cura
2159 3392 2177 3422 ,
2199 3367 2341 3429 pen-

1451 3451 1593 3510 inde
1657 3469 1717 3510 ut
1779 3472 2103 3512 commenta
2146 3453 2337 3534 ipsum

1451 3563 1700 3644 propius
1730 3582 1988 3647 tangunt.

1530 3691 1568 3740 4
1603 3665 1810 3726 Aesch.
1837 3667 1952 3729 hoc
1987 3664 2217 3729 seorfim
2241 3669 2334 3729 di-

1442 3773 1525 3830 xit
1554 3792 1681 3830 cum
1698 3774 1950 3853 gemitu,
1990 3776 2070 3836 ita
2106 3795 2167 3835 ut
2196 3773 2336 3837 sub-

1440 3876 1662 3935 audiret
1706 3875 1910 3938 Micio.
1956 3877 2095 3982 on
2147 3882 2337 3962 magis

1448 4001 1586 4040 vero
1624 4000 1784 4060 pater
1823 3981 1877 4043 se
1909 3982 2150 4045 inscium
2175 4006 2337 4045 amo-

1449 4089 1526 4146 ris
1566 4091 1687 4149 eius
1726 4090 1940 4156 simulat
1966 4140 1984 4167 ,
2017 4095 2127 4152 hoc
2151 4095 2335 4176 magio

1459 4198 1775 4260 ostenditur
1849 4203 1942 4264 ab·
1991 4199 2331 4278 Aeschino,

1412 4354 1421 4360 .
1447 4306 1708 4391 quamvis
1741 4306 1796 4367 se
1840 4311 2209 4390 reprimente.

1524 4428 1561 4487 5
1594 4408 1806 4472 Iterum
1834 4409 2057 4474 aversus
2083 4414 2219 4478 dicit
2241 4412 2330 4488 ίέιὲ

1909 4576 1926 4614 ἱ
