2809 5234
424 872 803 953 Pnonulo:

155 1051 281 1139 Heus,
307 1043 534 1132 Naufistrata,
559 1039 653 1137 prius
682 1061 789 1136 quam
822 1030 905 1105 huic
931 1027 1119 1127 respondes

351 1188 507 1268 temere,
524 1167 616 1240 audi.
638 1169 683 1236 N.
710 1161 793 1261 quid
816 1157 901 1232 est?

153 1303 201 1378 P.
231 1301 306 1398 Ego
340 1297 448 1369 minas
485 1294 625 1391 triginta
641 1288 700 1362 'ab
740 1285 807 1361 isto
850 1308 914 1381 per
949 1279 1118 1355 fallaciam

351 1417 495 1491 abstuli:

153 1543 217 1614 Eas
238 1540 318 1614 dedi
333 1560 398 1615 tuo
415 1556 543 1638 gnato:
564 1537 593 1611 is
613 1559 681 1634 pro
703 1532 764 1606 sua
785 1528 896 1604 amica
916 1522 1036 1598 lenoni
1058 1522 1123 1595 de·

354 1665 406 1739 dit
426 1675 449 1739 ¹.
742 1664 745 1667 ’
1079 1673 1125 1746 50

157 1798 198 1869 C.
215 1796 327 1886 Hem,
348 1794 433 1892 quid
448 1793 524 1864 ais?
542 1795 589 1864 N.
604 1788 731 1864 adeon’
746 1787 927 1887 indignum
942 1781 1006 1857 tibi
1019 1781 1122 1859 vide·

341 1934 423 2006 tur,
443 1914 563 2003 lilius,

152 2039 272 2113 Homo
287 2038 501 2129 adolescens,
515 2063 620 2110 unam
634 2036 659 2110 fi
674 2035 780 2111 habet
794 2034 962 2125 amicam,
978 2048 1017 2105 tu
1033 2017 1125 2104 uxo?

341 2185 397 2235 res
412 2161 533 2234 duas?

147 2288 209 2362 Nil
223 2287 354 2386 pudere
369 2291 387 2357 2
402 2312 475 2386 quo
492 2274 555 2361 ore
574 2285 675 2360 illum
696 2282 897 2383 obiurgabis
912 2282 932 2353 2³
949 2275 1122 2376 responde

346 2407 433 2482 mihi
452 2427 478 2482 ².
807 2467 809 2469 ,

151 2535 202 2604 D.
218 2529 355 2620 Faciet,
372 2547 415 2603 ut
428 2528 541 2605 voles.
560 2536 607 2607 N.
621 2530 731 2604 immo
741 2508 756 2622 ¹,
774 2546 815 2603 ut
831 2551 944 2602 meam
956 2524 1025 2600 iam
1040 2522 1125 2599 scias

362 2647 567 2724 sententiam
588 2670 628 2743 ³,

148 2769 274 2869 Neque
293 2794 361 2869 ego
390 2769 556 2870 ignosco,
586 2796 701 2872 neque
714 2771 887 2870 promitto
909 2768 1125 2870 quidquam,

350 2915 465 2990 neque
478 2890 699 2990 respondeo,
1078 2910 1119 2988 55

148 3014 245 3090 Prius
258 3041 361 3116 quarn
382 3036 526 3114 gnatum
550 3018 695 3096 videro:
713 3017 786 3093 eius
803 3016 933 3092 iuditio
953 3014 1122 3114 permitto

339 3159 486 3209 omma:

1048 843 1154 965 ²5¹¹
1269 894 1292 982 A·

193 3357 205 3396 r
218 3334 314 3416 Quam
327 3335 484 3400 brevissime
492 3340 592 3401 omnia

146 3447 307 3533 eloquitur,
322 3448 390 3511 hinc
408 3453 499 3536 tnagis
520 3472 591 3535 per·

147 3557 251 3617 entitur
266 3578 357 3639 pater.

186 3690 201 3726 ι
225 3668 335 3740 Mater,
360 3673 461 3751 (quee
486 3691 590 3731 omnes

145 3768 211 3830 filiis
225 3770 255 3826 in
274 3787 392 3848 peccato
413 3771 591 3842 adiutrices,

143 3875 252 3938 auxilio
265 3876 295 3934 in
311 3873 539 3956 paternainiuria
549 3871 592 3930 so·

143 3979 279 4061 lentesle)
288 3986 354 4044 dum
362 4005 417 4065 pto
428 3980 487 4041 lilio
495 3979 590 4063 loqui-

143 4113 208 4168 tur,
231 4104 258 4155 3(
272 4094 346 4175 patri
359 4091 540 4164 'adversatum
554 4089 589 4150 st·

143 4197 204 4258 mul
220 4197 269 4270 id,
285 4219 343 4280 quo
363 4194 469 4277 spestnt
482 4194 585 4256 haecce

143 4297 255 4371 fibula,
275 4302 351 4359 nesle
364 4297 519 4386 eloquitur.
544 4302 587 4362 Ita

143 4420 260 4488 quoque
280 4404 446 4489 obiurganti
467 4427 586 4488 oppor·

672 3360 742 3403 tuna
751 3342 790 3402 est
801 3338 918 3402 facultas
929 3385 938 3412 ,
948 3336 1119 3419 respiciendi

671 3453 708 3512 ad
732 3456 864 3513 maritum
877 3495 885 3524 ,
899 3451 930 3508 in
944 3469 1001 3532 quo
1020 3446 1119 3506 veniae

673 3560 791 3645 initium
808 3561 857 3619 est.

717 3692 729 3748 3
757 3671 893 3744 Leviro,
922 3671 971 3753 qui
997 3668 1119 3751 respon·
1165 3724 1168 3729 .

676 3771 919 3862 deratprosratre,
928 3771 989 3851 ipsa
1002 3772 1119 3854 respon·

674 3877 744 3935 dens
759 3875 876 3959 oblique
892 3881 995 3937 marito
1004 3882 1116 3939 veniam

673 3981 739 4055 dat,
760 3980 814 4040 hac
829 3982 1017 4055 conditione,
1032 4004 1061 4042 ut
1083 3982 1116 4042 fi-

670 4090 727 4152 lius
737 4092 848 4151 veniam
860 4095 968 4173 peccati
978 4094 1114 4153 inveniat.

668 4197 750 4257 Dum
764 4198 843 4256 enim
859 4197 1007 4256 arbitrium
1023 4195 1113 4259 ‹lesett

668 4301 751 4376 filio,
772 4322 830 4362 tuta
849 4321 932 4362 erunt
952 4303 1027 4382 patri
1048 4324 1112 4362 om·

667 4410 719 4471 nia
737 4431 755 4472 a
780 4408 860 4489 filio,
876 4413 926 4499 qui
936 4413 1044 4495 paritet
1059 4432 1110 4495 pt·

992 4678 995 4685 ⁴
1052 4698 1186 4786 ab.
