2809 5234
245 827 380 897 τοι»
510 823 547 895 a.
595 816 990 922 TERENTH

239 990 287 1060 At
301 940 367 1084 ego
378 982 493 1058 infelix
507 1009 619 1082 neque
629 981 790 1057 ridiculus
802 980 867 1058 effe
879 1037 890 1070 ‚
902 1008 1011 1081 neque
1024 982 1136 1082 plagas
1146 984 1225 1083 pati

126 1181 131 1190 ,
240 1108 376 1184 Poffum
389 1109 568 1208 ¹.quid?tn
578 1109 629 1182 his
639 1109 737 1180 rebus
748 1109 858 1181 eredis
867 1106 1043 1182 fieriitota
1054 1135 1142 1186 erras
1152 1111 1220 1187 via.

239 1230 336 1307 Olim
354 1231 404 1306 issi
424 1233 487 1310 fuit
505 1233 618 1333 generi
635 1233 808 1331 quondam
822 1233 977 1331 quaestus
990 1235 1080 1333 apud
1093 1236 1224 1314 seclum

300 1355 304 1359 ’
413 1357 515 1456 prius.
771 1455 773 1460 Ι
1175 1386 1215 1462 ¹5

240 1481 319 1575 Hoc
338 1504 469 1555 novum
484 1479 531 1554 est
546 1479 726 1580 aucupium
744 1497 780 1556 ²:
803 1508 869 1584 ego
888 1483 974 1557 adeo
987 1484 1073 1558 hanc
1088 1485 1222 1583 primus

241 1616 248 1628 '
413 1605 527 1683 inveni
551 1605 643 1679 viam
664 1624 686 1680 ³.

239 1732 297 1806 Est
310 1756 414 1832 genus
425 1729 623 1818 huminum,
643 1730 782 1830 quiesse
801 1731 930 1831 primos
948 1728 980 1806 se
993 1733 1148 1806 omnium
1163 1759 1222 1814 re·

414 1855 658 1943 minumum,

241 1981 317 2057 Nec
337 1979 420 2056 sunt.
448 1980 510 2052 hos
532 1978 732 2054 consedor:
753 1980 840 2057 hisce
854 2005 921 2080 ego
942 2004 1012 2053 non
1036 2002 1121 2079 paro
1139 2007 1221 2075 me,

414 2124 452 2179 ut
474 2101 626 2188 rideant,
774 2099 778 2110 “

240 2229 307 2303 Sed
319 2228 369 2302 his
380 2227 470 2299 ultro
483 2227 629 2312 arrideo,
638 2245 672 2300 et
684 2214 804 2298 eurum
815 2227 945 2326 ingenia
954 2227 1103 2303 admiror
1114 2227 1219 2305 simui

244 2349 423 2447 Quidquid
436 2325 571 2437 dicunt,
585 2349 702 2425 laudo:
724 2348 758 2424 id
777 2352 905 2425 rursum
920 2352 944 2424 si
958 2371 1102 2450 negant,
1115 2320 1219 2427 lartio

353 2485 356 2492 '
417 2470 452 2543 id
476 2497 640 2571 quoque:
1171 2501 1219 2551 20

243 2597 353 2699 Negat
373 2594 471 2695 quis,
494 2621 604 2694 nego:
629 2599 699 2687 ait,
724 2597 799 2675 aio:
827 2597 998 2697 postremo
1020 2598 1218 2699 imperavi⁴

416 2738 552 2818 egomet
577 2723 686 2813 mihi,

110 2879 112 2881 ·
241 2821 538 2923 Omniaaisentari.
552 2847 737 2946 isquaestus
748 2848 892 2927 nuncest
903 2846 1008 2918 multo
1019 2846 1218 2922 uberrimus.

245 2975 284 3054 P.
298 2971 422 3071 Scitum
439 2970 548 3047 hercle
561 2973 732 3044 hominem
747 2999 755 3043 ε
770 2973 824 3044 hic
840 2970 996 3044 homines
1009 2969 1161 3068 prorsum
1175 2996 1217 3049 ex

412 3094 519 3174 stultis
538 3098 671 3172 insanos
691 3080 780 3174 facin

289 3373 301 3412 a
322 3351 434 3436 Duplex
444 3351 511 3411 olim
520 3342 703 3432 parasitonrm
763 3343 844 3405 cebat
860 3343 950 3405 infelix
967 3345 1018 3408 ille.
1035 3333 1122 3408 Tertii
1132 3368 1220 3434 gene-

235 3468 469 3543 'genus,[unum,
488 3460 564 3544 quod
588 3455 703 3517 ridiculis
756 3451 869 3528 ria‚sc.
890 3453 1112 3532 assentatorum
1126 3462 1220 3522 autio-

234 3562 342 3632 ‘eibum
352 3570 468 3634 alienum
482 3568 704 3655 captabat(·)›a-
763 3587 823 3629 rem
834 3565 860 3627 se
870 3565 922 3628 fert
937 3565 1028 3650 statim
1045 3567 1170 3630 Gnatho.
1205 3577 1208 3580 '

237 3684 417 3763 ruariorum,
428 3679 554 3756 ridiculi,
566 3680 597 3740 h.
612 3698 637 3739 e.
656 3675 698 3737 fa-
802 3675 874 3737 aSic
890 3677 1008 3761 appellat
1023 3695 1111 3740 artem
1127 3676 1221 3758 suam,

236 3784 318 3855 teeti,
338 3782 386 3862 qui
405 3779 490 3847 risum
512 3782 705 3866 moverent)r
764 3805 819 3867 qua
835 3800 952 3844 venatur
967 3785 1102 3848 homines.

129 3915 132 3923 ¹
240 3886 383 3956 ¹alterum,
396 3886 473 3966 quod
488 3889 605 3951 verbera
620 3888 702 3950 alias·
773 3916 775 3922 ·
807 3910 831 3972 3.
845 3893 891 3952 int.
904 3890 1032 3975 agendis.
1048 3888 1222 3953 methodum.
1255 3892 1264 3926 ='

241 3998 300 4085 ique
309 3995 565 4078 indignitateaultru
574 4000 707 4081 patiendo
798 4000 1018 4077 4Gloriosehnc
1027 4003 1117 4064 verbo
1130 4004 1222 4072 utitur,

216 4099 353 4166 *vitium
365 4111 542 4190 quaeritabat.
566 4111 605 4171 Hi
621 4111 706 4177 Plau-
764 4111 840 4195 quasr
861 4132 994 4175 nontam
1019 4114 1098 4177 alteri
1112 4131 1222 4197 pareat,
1302 4161 1309 4180 r

167 4272 172 4278 .
249 4227 280 4278 to
293 4217 479 4301 plagipatidae
501 4237 704 4306 nuncupantur.
763 4241 849 4303 quam
863 4221 913 4280 sni
924 4209 998 4302 ipse3
1013 4223 1090 4303 quod
1101 4225 1157 4284 viri
1170 4222 1224 4285 esse
1282 4299 1285 4306 .

124 4360 131 4384 e
148 4368 150 4372 ,
249 4317 359 4389 Neutro
375 4329 469 4408 generi
479 4329 506 4392 se
515 4330 646 4394 idoneum
664 4332 706 4392 di·
767 4333 893 4410 videtur,
909 4356 968 4394 non
985 4333 1085 4399 servilis
1100 4338 1212 4421 ingenii.
