2809 5234
511 845 840 919 fluctum
1087 843 1155 942 ὥς

121 1046 123 1051 ·
185 1014 226 1086 In
246 1008 455 1086 deterrendo
476 1005 687 1083 ¹voluissem
708 1029 852 1104 operam
873 1003 1032 1096 sumere,
1154 1099 1157 1107 Ι

185 1154 288 1226 Utin
305 1154 382 1227 otio
402 1151 508 1242 effer,
524 1149 644 1248 potius
660 1175 764 1249 quam
786 1150 822 1224 in
838 1152 983 1248 negotio
1003 1168 1040 1238 ²3

187 1295 439 1395 Deterruiffem
456 1294 577 1384 facile,
591 1318 635 1366 ne
656 1293 739 1366 alias
753 1291 928 1368 scriberet.

187 1437 291 1510 Nunc
310 1434 393 1533 quid
410 1432 550 1531 petam,
571 1455 648 1505 mea
671 1430 798 1526 causa,
821 1457 936 1534 aequo
960 1432 1078 1507 animo
1106 1453 1161 1508 at·

381 1579 513 1653 tendite
533 1598 559 1652 ἰ.

1115 1605 1163 1657 20

187 1699 363 1826 Hecyram
379 1727 422 1800 ad
438 1751 506 1802 vos
521 1724 636 1800 refero
651 1781 664 1818 ,
684 1733 790 1827 quam
809 1728 895 1801 mihi
910 1754 973 1826 per
988 1727 1176 1802 filentium'
1195 1758 1201 1768 ·

185 1876 376 1975 Nunqutm
391 1898 492 1974 agere
514 1873 651 1948 licitum
665 1875 714 1950 est
734 1903 744 1950 e
763 1876 812 1950 ita
825 1901 902 1951 eam
918 1866 1083 1976 opptessit
1105 1901 1162 1952 ca-

376 1997 524 2071 lamitas.

172 2154 272 2227 diam
292 2151 523 2227 calamitatem
540 2151 659 2228 vostra
678 2151 918 2252 intellegentia
969 2160 972 2167 ’

188 2295 328 2369 Sedabit
344 2313 382 2387 ⁴,
398 2295 503 2371 fierit
517 2296 668 2372 adiutrix
684 2296 821 2371 nostrae
833 2295 1034 2376 industriam

189 2535 313 2595 ciebatur.
328 2534 410 2596 Dou.

232 2616 324 2708 rs'cil.
336 2667 434 2729 poeta.
444 2645 635 2710 Firmeshint

189 2755 349 2819 iestiouem
360 2780 408 2842 ap.
417 2759 490 2821 Tac.
506 2758 587 2818 Anu.
602 2757 636 2832 1,

195 2887 207 2927 t
226 2888 278 2926 nou
295 2862 396 2945 definere
406 2867 498 2927 decora
515 2863 638 2947 ingenia,

189 2974 478 3035 donec-deterrerentur
487 2983 541 3035 &a

232 3103 247 3137 ι
268 3077 330 3156 Qui
347 3077 379 3138 in
395 3080 448 3138 otio
460 3080 520 3153 est,
535 3100 636 3164 quam·

190 3182 392 3257 virtutium,
411 3183 486 3246 alios
510 3208 572 3246 non
587 3198 646 3249 cu·'

190 3312 242 3354 rat.
273 3313 367 3379 neque
392 3294 472 3353 enim
495 3296 639 3356 rationem

123 3483 125 3493 Ι
189 3391 639 3485 ιοᾶἆὶιιΙίἰς,ιιιιῐῐιιᾶυηιριο·

191 3510 245 3570 fert
258 3512 291 3570 in
305 3531 471 3575 commune.
493 3512 550 3574 Sed
559 3513 638 3574 fabu-

190 3613 283 3678 larum
302 3619 468 3679 aufiodbus
484 3621 570 3679 idest
586 3644 637 3680 ne-

187 3719 275 3800 getii,
291 3737 322 3777 ut
341 3719 457 3800 populo
481 3721 612 3801 placeant
625 3769 636 3796 ,

111 3838 113 3842 ·
192 3840 263 3902 quas
290 3818 409 3882 fecerint
436 3819 546 3884 fibulas
562 3825 637 3911 tscf.

191 3928 286 3990 Audr.
300 3927 378 4011 prol.
397 3952 425 3990 v.
439 3953 455 3988 2
469 3928 511 4014 sq.

233 4059 247 4116 3
268 4028 471 4099 Nunetraustt
490 4057 589 4100 orator
601 4040 638 4102 ad

192 4145 303 4208 causam
317 4146 469 4221 Terentii,
485 4169 571 4233 quam
585 4171 640 4231 po·

193 4255 249 4314 tius
259 4254 336 4334 fitam
347 4253 437 4324 dicit,
455 4273 491 4312 ne
510 4253 640 4314 uideatur

192 4382 249 4444 pto
270 4384 330 4424 uuo
351 4362 424 4426 Ter.
443 4383 507 4425 rem
532 4385 639 4450 agere,

719 2558 765 2600 aut
792 2539 909 2601 adeius
931 2539 1098 2623 scripturam
1120 2562 1164 2603 re·

717 2649 791 2711 ferre
800 2696 810 2726 ,
830 2656 910 2736 quod
929 2655 1028 2715 exusta
1042 2653 1081 2715 tit.
1096 2653 1167 2716 cul·

719 2779 788 2840 pum
801 2779 869 2818 vero
877 2756 984 2840 populi
998 2759 1100 2818 iterum
1110 2755 1166 2819 cal·

720 2861 781 2924 lide
802 2862 1007 2925 transmovebir
1020 2866 1053 2924 iu
1071 2863 1167 2927 fortu-

721 2997 799 3037 nam.

759 3105 779 3156 4
795 3078 842 3140 Ut
856 3079 968 3162 placeat
981 3079 1076 3141 fabula
1087 3124 1098 3151 ,
1111 3081 1166 3143 tria

718 3191 911 3274 requiruntur:
919 3207 1022 3270 poetae
1031 3189 1164 3262 studium,

724 3318 784 3381 quo
797 3296 833 3357 ad
843 3294 953 3357 scenam
962 3295 1033 3354 bene
1046 3315 1167 3376 compo·

722 3402 772 3465 stra
795 3402 1166 3478 stt3a610rumindustri23
1267 3410 1269 3414 ’

721 3513 885 3575 auditorum
914 3511 1110 3596 intelligentia
1138 3521 1167 3574 δι

720 3622 940 3705 aequmimitas.
960 3622 1089 3683 Primum
1108 3623 1167 3683 iam

721 3747 756 3786 ex
768 3727 832 3789 aliis
844 3731 995 3812 cognitum
1002 3751 1076 3803 erat,
1089 3727 1167 3810 prol.

721 3829 755 3901 1,
776 3835 804 3890 8.
818 3830 921 3894 Altera
935 3855 995 3894 uon
1013 3833 1168 3894 dubitanda

618 4000 624 4019 ⁴
725 3955 784 3997 erat
815 3938 846 3997 itt
879 3941 1020 4001 Ambivio
1050 3936 1166 4018 eiusque

721 4062 819 4125 grege.
842 4042 974 4105 Tertiam
989 4042 1166 4104 auditoribus

722 4148 877 4209 tribuendo
908 4168 992 4225 orat,
1024 4168 1054 4210 ut
1089 4166 1167 4211 nunc

723 4254 840 4318 tandem
861 4253 939 4317 adsit.

891 4444 978 4534 Re
