2809 5234
400 757 403 760 .
634 742 638 747 ·
830 752 833 757 -
1430 744 1440 759 t

2288 841 2308 866 Ι
2510 857 2522 867 .

912 982 1784 1064 EUNUCHUS.

2197 1006 2337 1082 ¹¹7

385 1155 480 1231 G.
535 1148 827 1235 Advorti
889 1151 1115 1229 hercle
1176 1150 1496 1226 animum.
1560 1150 1645 1221 Τ.
1689 1145 1803 1226 vel
1852 1167 1972 1221 rex
2005 1158 2029 1197 ¹
2077 1144 2383 1310 semper.

734 1303 1079 1356 maxumas
1110 1290 1145 1327 2

379 1405 562 1483 Mihi
598 1406 830 1506 agebat
856 1459 881 1498 ,
923 1399 1254 1504 quidquid
1296 1399 1626 1476 feceram·
1609 1455 1633 1489 ‚
1681 1394 1824 1471 aliis
1869 1417 2013 1469 non
2051 1391 2238 1469 item.
2306 1384 2355 1514 ’-

391 1536 483 1606 G.
525 1532 784 1606 Labore
818 1530 1041 1605 alieno
1072 1551 1381 1627 magnam
1418 1541 1676 1624 partam
1709 1519 1993 1621 gloriam

386 1659 635 1735 Verbis
659 1658 851 1756 saepe
876 1655 948 1729 in
975 1653 1040 1730 se
1061 1652 1520 1738 transmovet,
1549 1649 1666 1750 qui
1692 1647 1890 1720 habet
1915 1642 2213 1762 saletum,
2246 1664 2337 1717 ro
2378 1682 2387 1687 -

385 1785 606 1881 Quod
646 1783 715 1855 in
748 1800 813 1856 te
843 1779 956 1856 est.
989 1783 1068 1852 T.
1092 1778 1330 1856 habes.
1360 1779 1452 1854 G.
1481 1800 1599 1851 rex
1621 1790 1688 1848 te
1725 1796 1894 1872 ergo
1924 1785 1959 1832 ⁴
1997 1767 2070 1843 in
2099 1767 2343 1887 oculis.

734 1912 815 1980 T.
859 1905 1109 1981 scilicet
1142 1916 1195 1977 5.

385 2036 477 2107 G.
509 2032 542 2082 ⁶
568 2031 863 2108 Gestare.
910 2034 991 2104 T.
1019 2051 1193 2103 vero
1225 2040 1259 2089 ⁷
1296 2022 1572 2100 credere
1610 2043 1886 2094 omnem
1928 2016 2295 2094 exercitum
2308 2030 2337 2112 ,'

381 2156 698 2233 Consilia.
725 2161 810 2233 G.
842 2156 1112 2231 mirum.
1145 2157 1225 2226 T.
1252 2171 1400 2226 tum
1432 2147 1639 2224 sicubi
1664 2171 1819 2221 eum
1851 2145 2110 2219 satietas

377 2283 761 2359 Hominum
788 2337 810 2375 ,
848 2296 962 2356 aut
1004 2277 1237 2381 negoti
1267 2275 1314 2350 fi
1350 2275 1621 2376 quando
1658 2272 1896 2347 odium
1942 2284 2252 2369 ceperat,

377 2409 822 2510 Requiescere
844 2406 964 2481 ubi
983 2405 1290 2499 volebat,
1317 2400 1502 2504 quafi
1520 2400 1548 2450 ⁸
1571 2423 1593 2471 ε
1618 2397 1904 2473 nostin'?
1931 2391 2017 2469 G.
2034 2394 2212 2471 scio:
2244 2414 2324 2495 15

377 2690 487 2734 eum
507 2692 623 2733 cum
647 2689 861 2756 gratum
893 2669 1025 2731 mila·
1060 2670 1157 2753 ff
1180 2691 1295 2752 po-

375 2768 486 2827 tuit
514 2811 536 2838 ,
602 2767 773 2828 nolui.
839 2765 1012 2829 Plaut.
1074 2769 1293 2850 Amph.

374 2858 524 2923 Prol.
551 2859 632 2936 48
648 2879 861 2942 gratum
888 2861 1179 2922 arbitratur
1195 2861 1291 2942 effi

372 2956 441 3016 id
474 2980 511 3016 a
548 2956 707 3017 vobis
734 2955 862 3035 fibi.
932 2956 1087 3018 Male
1134 2958 1297 3039 igitur

372 3049 465 3112 alii
494 3068 703 3111 vocem
737 3048 872 3109 mila·
910 3050 1193 3113 retrahunt
1220 3049 1295 3111 ad

372 3142 557 3202 datum
589 3139 689 3202 est.

466 3254 491 3293 1
521 3235 619 3293 int.
636 3232 913 3310 Darium,
932 3237 1155 3300 tertium
1172 3236 1293 3299 Per-

374 3325 554 3387 sarum
585 3344 774 3408 regem
788 3373 810 3400 ,
845 3326 1143 3390 Menandri
1184 3350 1289 3391 ae-

369 3435 484 3483 tate
500 3439 846 3504 regnantem.
882 3421 973 3485 Sic
994 3421 1197 3486 Heaut.
1224 3422 1285 3500 1,

379 3534 407 3576 1
426 3560 450 3588 ,
472 3516 570 3600 65.
593 3514 710 3578 Nisi
730 3519 891 3582 malis
911 3540 1042 3580 cum
1070 3518 1289 3589 Dacie-

368 3608 449 3670 tia
484 3612 733 3694 accipere
777 3613 848 3676 de
892 3611 1126 3677 Seleuco
1158 3634 1289 3699 rege

374 3703 564 3784 Asiae,
580 3706 653 3770 sc.
670 3709 825 3791 quod
842 3709 1041 3792 Pyrrh.
1060 3711 1124 3772 fit
1141 3734 1292 3775 men-

371 3802 459 3860 tio
492 3800 663 3877 infra,
696 3803 925 3882 1V,7,
966 3823 1056 3883 13·
1104 3807 1287 3867 Strato

372 3904 524 3950 certe
540 3935 562 3961 ,
593 3890 852 3972 praefecti
876 3894 1062 3976 eleph.
1086 3915 1291 3962 nomen

378 3998 645 4070 graecum
677 3984 777 4049 est.
879 4017 884 4021 ·

462 4098 498 4139 2
522 4079 621 4140 int.
656 4078 871 4162 gratias.

463 4197 494 4261 3
550 4176 872 4240 Ridendum
915 4174 1302 4260 spectatoribus

374 4272 506 4337 facit
526 4277 754 4339 militem
782 4274 1036 4338 insulsum
1050 4322 1070 4351 ‚
1093 4276 1181 4336 cui
1200 4277 1292 4358 ig-

375 4373 689 4437 nominiosa
724 4374 893 4448 dicit,
935 4394 1077 4456 quae
1109 4372 1297 4434 ismon

372 4468 670 4537 advertens
692 4495 796 4558 pro
824 4472 995 4538 laude.
1021 4471 1191 4535 habet
1214 4471 1295 4535 ob

1413 2666 1643 2739 ultima,
1667 2608 1810 2748 quod
1837 2662 1952 2747 (sc.
1964 2664 2134 2748 fhlem
2161 2662 2333 2724 habea

1411 2768 1503 2845 re)
1549 2766 1608 2827 in
1642 2784 1692 2825 te
1727 2765 1816 2846 est.
1847 2763 1937 2826 Sic
1978 2781 2123 2826 certe
2167 2761 2331 2825 sumit

1406 2861 1579 2922 miles.
1621 2858 1965 2942 spectatores
1999 2859 2219 2920 trahunt
2253 2857 2328 2920 ad

1413 2972 1591 3016 totam
1624 2951 1962 3015 sententiam.
2000 2951 2152 3013 Male
2173 2952 2333 3034 igitur

1411 3049 1502 3149 alii
1529 3049 1623 3130 qui
1653 3049 1712 3108 in
1742 3067 1793 3108 te
1819 3047 1906 3128 est.

1497 3164 1759 3225 4,sg³·yoe
1783 3160 1850 3203 ea
1880 3160 1976 3213 re,
2008 3138 2049 3203 s.
2088 3139 2168 3201 ob
2206 3158 2333 3202 eam

1412 3234 1654 3298 causam.

1499 3348 1528 3412 5
1569 3328 1808 3391 Laudari
1853 3326 1907 3391 se
1946 3327 2169 3410 cupiens
2212 3347 2352 3389 non-

1408 3421 1532 3484 sinit
1548 3423 1725 3485 verba
1739 3422 1968 3506 implere
1983 3469 2003 3500 ,
2026 3422 2160 3503 quin
2180 3443 2337 3505 prae⁴

1411 3519 1647 3583 festinet.

1492 3614 1533 3678 6
1567 3612 1659 3676 Sic
1689 3610 1844 3676 Cod.
1877 3611 2077 3674 Bemb.
2118 3610 2183 3674 &
2217 3611 2334 3674 duo

1410 3728 1552 3778 vett.
1567 3710 1731 3777 MSS.
1747 3733 1837 3793 ap.
1852 3710 2028 3773 Bentl.
2043 3709 2139 3774 Al.
2158 3709 2328 3774 MSS-

1410 3808 1476 3870 &
1503 3807 1632 3868 edd.
1666 3808 1846 3889 gestire
1866 3830 1895 3882 ‚·
1924 3808 2089 3872 male.

1491 3922 1534 3980 7
1574 3903 1709 3963 Vero
1737 3900 2183 3983 respondentibus
2215 3899 2336 3961 sola

1410 3990 1592 4055 lemne
1611 4039 1633 4070 ,
1675 3992 1718 4054 fi
1760 3994 2068 4058 asseverare
2123 3995 2296 4056 velint
2321 4030 2341 4071 t

1420 4082 1688 4164 profecte.
1717 4085 1891 4149 Bentl.
1929 4107 2118 4150 tamen
2141 4107 2211 4146 ex
2233 4089 2341 4156 suis

1420 4177 1572 4239 libris
1609 4183 1826 4244 muvult
1857 4205 2052 4245 verunt.
2380 4171 2385 4177 ⁷

1496 4273 1535 4336 8
1569 4274 1749 4338 Grata
1777 4276 2169 4359 spectatoribus
2191 4280 2335 4362 stulti

1419 4371 1604 4432 militis
1640 4371 1901 4445 infantia,
1940 4377 2034 4456 qui
2064 4393 2190 4448 ante
2211 4379 2334 4445 vult

1418 4469 1680 4556 intelligi,
1733 4470 1888 4630 quloid
1928 4471 2124 4552 sentit,
2163 4475 2390 4563 quam‘

1909 4583 1946 4658 3
