2809 5234
1086 644 1101 669 Ο

501 917 816 998 ANURIA.
972 1008 975 1021 ι
1109 942 1161 1020 79

181 1084 341 1176 rames,
352 1084 376 1159 sr
389 1083 477 1159 nulla
487 1081 664 1183 aegritudo
674 1079 752 1154 huic
763 1075 884 1180 gaudio
896 1078 1120 1157 intercesserit.
1135 1106 1152 1183 5

183 1217 250 1292 Sed
273 1239 375 1314 quem
395 1236 461 1310 ego
484 1209 568 1282 mihi
586 1206 796 1307 potissimum
820 1226 936 1305 optem
963 1230 1077 1295 nunc,
1102 1208 1160 1285 cui
1268 1232 1274 1241 ·

354 1340 439 1410 haer.-
466 1360 618 1421 narrem,
641 1333 740 1405 dari?

186 1465 326 1562 CQuid
337 1465 416 1538 illuc
430 1461 526 1560 gaudi
542 1458 613 1531 esi?
631 1461 672 1531 P.
689 1458 828 1536 Davum
842 1458 957 1534 video.
972 1457 1160 1559 nemo-est,

355 1613 457 1688 quem
483 1584 639 1671 mallem,
659 1585 837 1657 omnium:

185 1719 273 1794 Nam
285 1716 374 1789 hunc
387 1713 457 1787 scio
471 1736 545 1784 mea
556 1709 660 1783 solide
675 1709 781 1782 solum
797 1690 985 1810 gavisrimm
998 1708 1117 1807 gaudia
1135 1723 1160 1786 ¹.

130 1960 132 1965 ·
269 1933 528 2007 ACYUS
583 1931 624 1999 V.
672 1926 930 1998 SCENA
983 1931 1061 2001 VI.

188 2106 406 2198 nivem,
443 2100 815 2191 PAMPHILUS,
855 2100 1160 2178 CHARINUS·
1255 2043 1268 2074 χ

183 2264 490 2462 DPAmphisus
504 2361 640 2436 ubinam
654 2359 710 2436 hic
725 2356 773 2436 est
790 2361 883 2438 1ὶΡ,
898 2363 1008 2437 Dave.
1022 2362 1073 2436 D.
1083 2359 1159 2462 quis
1212 2349 1216 2356 ⁵

356 2491 463 2561 homo
475 2487 522 2559 ’si
538 2491 579 2559 P.
600 2513 666 2586 ego
680 2486 763 2562 sum.
784 2494 835 2562 D.
850 2515 873 2563 o
888 2489 1069 2586 Pamphile.

110 2676 113 2687 .
181 2618 227 2689 P.
247 2611 381 2701 Nescis,
399 2610 480 2710 quid
495 2610 576 2683 mihi
591 2612 758 2709 obtigerit.
778 2618 829 2686 D.
844 2632 934 2689 certe
949 2640 958 2685 r
980 2613 1060 2708 sed,
1075 2612 1162 2716 quid

357 2733 439 2806 mihi
459 2732 637 2831 obtigerit,
654 2735 735 2810 scio.

184 2865 227 2938 P.
250 2862 294 2936 Et
315 2856 451 2961 quidem
472 2881 552 2956 ego.
583 2860 635 2931 D.
656 2883 753 2934 more
773 2862 951 2936 hominum
972 2862 1105 2956 evenit,
1121 2877 1160 2936 ut

354 2984 450 3086 quod
476 2982 534 3056 srm
555 2984 667 3059 nasius
688 2984 784 3074 mali,
1155 2971 1158 2975 ’

185 3111 281 3187 Prius
311 3110 500 3186 rescisceres
532 3125 591 3205 ru,
620 3137 722 3214 quam
753 3135 818 3212 ego
845 3110 907 3186 tibi
928 3112 1022 3210 quod
1042 3111 1160 3189 evenit

354 3235 448 3312 boni.
1079 3248 1084 3258 ’

184 3365 229 3438 Ρ.
260 3365 337 3437 Mea
364 3359 565 3461 Glycerium
598 3358 675 3436 suos
710 3376 862 3459 parentes
890 3354 1023 3456 reperit.
1058 3358 1110 3430 D.
1134 3378 1160 3431 ο

357 3485 479 3562 fesium
500 3486 595 3560 bene.
1139 3507 1155 3585 5

102 3669 103 3676 1
187 3614 240 3686 C...
252 3613 351 3687 Hem.
370 3615 413 3686 Ρ.
430 3629 522 3710 pater
545 3609 671 3684 amicus
686 3607 832 3687 summus
849 3608 958 3684 nobis.
985 3610 1037 3687 D.
1054 3611 1157 3712 quis?

357 3740 398 3810 P.
422 3738 593 3810 Chremes.
622 3740 675 3808 D.
699 3761 810 3810 narras
832 3735 952 3834 probe.
973 3812 977 3817 ,
1053 3804 1057 3823 ,

185 3860 229 3933 Ρ.
249 3859 323 3935 Nec
342 3882 439 3929 mora
462 3859 528 3931 ulla
548 3858 619 3949 ess,
640 3859 723 3955 quin
740 3875 753 3926 3
775 3862 842 3936 iam
863 3887 1007 3937 uxorem
1027 3861 1159 3938 ducam.

360 3983 397 4050 C.
418 4005 497 4052 num
521 3980 576 4053 isle
596 3981 739 4058 somniat
1042 3984 1044 3989 ’

224 4210 236 4252 ι
266 4191 296 4254 sm
320 4210 345 4252 e.
366 4185 474 4273 solum,
495 4189 543 4272 qui
564 4204 639 4252 rocus
741 4191 820 4274 3A1.
840 4192 923 4256 MSS.
941 4193 973 4254 &
991 4181 1054 4254 edd.
1075 4210 1153 4265 eam,
1173 4254 1178 4275 ,Ι

184 4299 312 4384 gaudeat.
701 4301 778 4385 quod
797 4303 888 4364 minus
905 4301 1004 4384 placet.

230 4429 248 4471 α
265 4403 504 4490 circmsperrms
516 4404 644 4488 loquitur.
