2809 5234
102 440 104 448 r
1137 445 1139 449 .

328 727 443 836 'nn
494 759 925 835 instruo-s.
1077 780 1151 853 377
1307 827 1310 836 .

183 921 338 1000 Prisciani
351 921 391 991 L.
401 920 520 991 XVlll
530 946 542 1007 3
554 921 595 989 cf.
605 919 663 989 Ph.
681 918 729 1002 V,
745 921 777 1003 8,
796 944 828 1010 r9
842 921 888 1009 sq.
904 919 989 988 Eun.
1004 918 1057 1002 V,
1074 939 1113 1012 ς,
1130 941 1153 986 1.

231 1017 287 1089 lin.
313 1022 363 1083 16.
379 1025 427 1083 De
443 1019 487 1102 pfl
510 1021 570 1080 irat.
592 1011 741 1102 Quidam
766 1013 843 1082 Mis.
861 1021 925 1094 iiic,
948 1012 1036 1099 quod
1052 1009 1161 1080 forsan

186 1111 297 1178 verius
312 1130 324 1192 3
343 1126 381 1175 ut
397 1131 477 1174 mox
495 1131 525 1174 v.
547 1127 578 1197 7.
594 1103 717 1173 Heaut.
733 1102 786 1180 il,
801 1130 843 1187 2·,
866 1129 918 1173 22.
938 1101 1023 1175 Hec.
1043 1101 1108 1187 lll,
1126 1125 1164 1193 3,

188 1220 240 1290 52·
265 1197 374 1266 Bentl.
395 1222 437 1266 ex
457 1220 523 1264 uno
546 1195 634 1265 Cod.
656 1194 748 1264 dedit
769 1204 828 1264 noc.

186 1364 188 1369 ,
231 1289 289 1358 lin.
317 1311 368 1381 17.
383 1297 510 1378 pateris.
529 1285 686 1376 Guyetus
700 1290 829 1358 mavult
845 1297 883 1355 id.
918 1346 921 1352 ,

232 1406 308 1472 pag.
326 1404 340 1471 ς
346 1403 378 1470 9.
394 1382 451 1448 lin.
468 1404 490 1447 r.
505 1409 541 1446 an
564 1388 639 1467 quid.
652 1379 706 1448 Sic
720 1376 903 1449 Bembnl.
914 1387 1069 1468 quidquam.

237 1472 295 1541 lin.
323 1495 372 1540 12.
390 1470 508 1564 Vulgo
528 1473 654 1563 iegitur
678 1479 771 1558 mrnſss
794 1480 838 1539 iric
853 1481 970 1539 decimus
986 1479 1043 1559 esi,
1068 1475 1101 1538 δι
1122 1465 1165 1537 stc

189 1565 270 1634 citat
285 1563 431 1634 Latiam.
456 1565 496 1634 ad
517 1562 627 1634 Theb.
647 1561 672 1631 l.
692 1561 758 1632 Sed
782 1563 893 1634 Bentl.
919 1565 1082 1655 expungit
1101 1569 1163 1644 nic,

189 1656 281 1743 quod
300 1656 411 1728 versus
429 1653 552 1747 respuit
565 1704 576 1739 ,
588 1679 651 1727 nec
664 1653 778 1726 sensus
790 1655 957 1726 desiderat.
1294 1676 1295 1685 ¹

236 1773 311 1839 pag.
328 1757 366 1816 61
384 1749 440 1816 lin.
455 1774 487 1842 7.
501 1757 563 1830 ius,
579 1746 670 1837 quod
686 1746 827 1843 melius,
842 1774 940 1839 quam
954 1747 1093 1817 aliorum
1102 1752 1166 1830 nis,
1189 1785 1196 1798 ·

189 1862 275 1926 quae
300 1839 382 1910 duae
399 1865 498 1910 voces
510 1845 544 1909 in
559 1839 636 1908 Mn.
652 1838 829 1929 saepissime
847 1839 1093 1930 permiscentur.

234 1933 292 2001 lin.
316 1955 365 2000 12.
379 1940 517 2020 parvolis.
539 1929 592 2000 Sit
609 1928 727 2000 Bemb.
739 1931 799 2002 Al.
816 1933 904 2001 maie
914 1937 1038 2020 parvoli.

239 2049 314 2116 pag.
326 2032 369 2091 62
384 2025 441 2092 lin.
455 2049 476 2092 1.
490 2021 538 2091 D.
547 2027 663 2110 fratrent
676 2031 857 2099 conveniam,
870 2033 972 2114 Hegio.
993 2019 1059 2090 Nil
1077 2017 1167 2089 aliud

192 2136 282 2186 cette
301 2115 495 2204 respondere
507 2118 795 2205 poterat,quippe
817 2140 892 2185 curn
904 2118 994 2183 fliius
1006 2131 1088 2182 natu
1100 2138 1168 2180 ma·

194 2211 245 2276 ior
258 2208 337 2276 esset
356 2212 390 2272 in
408 2206 569 2294 potestate
585 2211 687 2295 patria
700 2207 871 2278 Micionis.
890 2205 1043 2274 Absurde
1065 2207 1168 2295 igitur

193 2299 285 2389 vulg·
298 2297 391 2366 assuit
400 2296 527 2367 versum
539 2324 557 2365 a
570 2298 702 2369 librario
717 2298 861 2389 quodam
873 2323 914 2368 ex
926 2297 986 2367 Ph.
1000 2294 1059 2378 ill,
1078 2319 1093 2382 3
1112 2295 1170 2374 (al.

195 2386 228 2457 ll
236 2437 247 2469 ,
265 2412 303 2476 3,
317 2400 366 2473 4.)
384 2411 421 2454 21
436 2397 473 2456 Id
483 2397 557 2476 quod
568 2398 635 2456 mihi
645 2400 676 2457 de
687 2399 741 2457 hac
755 2421 782 2458 re
796 2400 896 2459 dederit
910 2396 1066 2475 confilium,
1083 2397 1114 2454 id
1120 2393 1165 2474 se-

195 2507 284 2566 quar;
306 2504 406 2567 quem
421 2483 471 2548 uti
486 2479 576 2551 Mur.
589 2482 621 2548 h.
644 2481 666 2548 l.
688 2483 834 2552 alienum
857 2483 983 2572 pridem
1006 2479 1170 2569 sapienter

194 2574 347 2639 monuit:
364 2575 409 2639 ita
423 2595 484 2640 nec
501 2571 649 2662 agnoscit
659 2569 747 2641 Cod.
762 2573 877 2643 Bemb.
894 2602 912 2644 a
931 2578 1034 2664 prima
1048 2598 1170 2653 manu,

196 2687 259 2734 nec
284 2661 376 2731 Don.
403 2661 517 2756 legisse
537 2662 677 2734 videtur.
698 2663 816 2734 Ceteri
830 2665 907 2735 Mis.
922 2666 1042 2735 habent
1053 2690 1065 2752 3
1080 2665 1169 2733 unde

197 2774 351 2842 apparet,
367 2780 464 2845 quam
479 2753 516 2824 srt
527 2779 612 2826 unus
626 2755 742 2826 Bemb.
754 2760 821 2826 illis
835 2758 988 2826 omnibus
1003 2758 1171 2845 praestan·
1218 2788 1224 2801 ⁴

196 2851 271 2920 tior.
296 2846 374 2917 Nos
399 2871 590 2939 expungere
610 2852 748 2917 omnino
770 2874 836 2919 non
861 2850 1056 2919 dubitamus.

242 2964 316 3028 pag.
333 2946 378 3024 64
393 2940 449 3007 lin.
471 2961 497 3032 5.
515 2969 588 3007 nunc
603 2968 663 3007 curn
672 2969 806 3010 maxume.
817 2940 871 3011 Sic
884 2967 903 3011 e
916 2939 1033 3010 Bemb.
1047 2946 1079 3007 ἃ
1094 2937 1168 3005 Va·

198 3033 253 3097 tic.
278 3029 369 3098 dedit
388 3030 503 3111 Faern.
524 3051 560 3100 ut
578 3032 711 3101 Phorm.
725 3031 758 3116 l,
774 3059 818 3120 4,
834 3058 886 3127 27.
900 3031 1025 3102 Heaut.
1043 3029 1113 3112 lv,
1132 3054 1183 3112 1,.

197 3144 253 3206 40.
270 3119 342 3189 Cic.
358 3145 416 3209 pro
433 3120 570 3192 cluent.
591 3144 618 3215 5.
631 3122 697 3193 Sed
712 3125 768 3194 alii
782 3127 856 3194 iibri
872 3135 1043 3192 runcantem
1057 3151 1131 3188 max.
1144 3121 1168 3190 l.

199 3240 270 3282 nunc
287 3237 375 3279 (11111111
387 3243 462 3282 ΜΞ.
474 3215 495 3284 i.
510 3244 580 3282 1111111
593 3245 652 3283 111111
662 3245 736 3284 max·
751 3217 772 3285 i·
785 3247 856 3285 nunc
869 3246 995 3285 111111611111
1006 3244 1080 3285 max·
1096 3213 1171 3284 ΝΕ·
1295 3255 1302 3268 “

199 3330 265 3394 que
285 3329 345 3374 nos
367 3310 401 3373 in
418 3310 509 3377 vario
525 3327 633 3378 metro
650 3329 761 3379 contra
779 3312 946 3380 audemus.
969 3308 1045 3378 Hos
1060 3306 1171 3377 versus

201 3401 289 3467 enim
305 3398 486 3476 trochaicus
500 3399 654 3472 statuunt.
668 3401 747 3471 Nos
763 3400 790 3464 i·
809 3431 881 3470 nunc
895 3427 937 3471 ex
956 3410 1043 3484 inne,
1057 3407 1090 3466 &
1107 3397 1171 3466 hoc

200 3515 242 3561 ex
255 3490 358 3580 glossa
372 3511 481 3560 ortum
495 3490 700 3580 suspicamur.
716 3494 769 3564 Sic
783 3495 893 3583 prodit
907 3496 1013 3562 usion.
1023 3491 1124 3561 lamb.
1251 3488 1256 3504 “

246 3606 319 3672 pag.
346 3590 368 3647 6
372 3604 392 3674 ς
403 3582 460 3650 lin·
487 3605 518 3670 3.
543 3591 646 3669 Mtstre
662 3594 744 3652 nimis
763 3613 795 3654 nr
813 3594 910 3676 coepi,
930 3593 1010 3672 cupio
1029 3592 1090 3652 διε.
1107 3580 1171 3651 Ed.

201 3669 287 3758 Arg.
307 3680 339 3738 δι
363 3673 404 3739 al.
424 3683 460 3737 rni
478 3683 567 3758 Syre,
581 3686 663 3742 nimis
681 3689 760 3764 cupio
776 3704 807 3745 ut
824 3686 899 3765 coepi
914 3684 974 3745 dcc.

249 3763 305 3826 lin.
327 3781 369 3852 .5.
392 3765 467 3830 Alii
489 3762 563 3832 huic
590 3765 699 3834 versui
722 3789 849 3856 praeter
877 3788 1021 3838 metrum
1049 3764 1175 3834 addunt

198 3880 284 3941 prope
299 3859 357 3939 esi,
375 3853 464 3940 quod
487 3877 562 3922 curn
582 3855 719 3927 Erasmo
736 3859 885 3949 sequenti
909 3862 1158 3948 praemittimus.

249 3946 307 4011 lin.
320 3966 351 4035 7.
366 3943 471 4037 Vulg.
485 3955 566 4034 prius
580 3947 653 4018 huic
673 3951 780 4021 versui
796 3957 1035 4041 praemittitur,
1053 3953 1111 4038 qui
1132 3948 1174 4018 stc

203 4055 296 4106 totus
311 4036 439 4107 aberrat
460 4062 479 4107 a
499 4057 626 4109 metro:
644 4046 697 4110 cui
713 4063 749 4112 ut
765 4045 970 4114 mederemur
983 4041 1173 4132 porroseci-

204 4153 279 4287 mgis
302 4139 430 4203 revorrier
452 4152 511 4218 pro
531 4141 640 4202 reruni.
663 4133 806 4237 Siquos
822 4161 905 4225 opus
919 4140 978 4220 vi,
999 4160 1097 4225 quam
1117 4133 1173 4202 alii

204 4246 239 4292 tn
254 4240 358 4289 erunt.

207 4378 213 4391 .
252 4313 312 4389 lin.
334 4334 385 4405 13.
409 4320 513 4383 ninum
535 4323 565 4383 in
580 4323 728 4391 nentem?
747 4318 800 4393 Sic
822 4321 914 4394 Don.
934 4319 1050 4413 legisse
1075 4320 1174 4393 vide·
