2809 5234
92 623 95 630 .
156 638 161 655 x
343 650 354 675 ·

316 824 375 894 ·t6
573 772 1063 899 'ertntnrtt
1192 800 1308 927 ‘-

161 984 167 997 '
230 1068 235 1077 Ι
325 985 378 1055 Si.
391 977 540 1056 Hoccine
552 981 620 1080 agis
638 999 646 1031 ¹
668 1037 679 1073 ,
700 1008 742 1055 an
756 952 855 1058 non?
868 990 919 1057 D.
933 1009 1000 1084 ego
1012 1012 1097 1063 vero
1109 964 1228 1067 isthtic.
1237 996 1292 1071 Si.

423 1102 503 1188 sed,
526 1129 613 1177 nunc
633 1129 671 1175 ea
689 1129 744 1177 me
756 1106 955 1205 exquirere,

305 1226 432 1339 -lniqpi
447 1227 546 1325 patris
559 1226 616 1300 ell.
631 1252 708 1300 nam
726 1281 737 1317 ,
760 1231 854 1328 quod
869 1232 1010 1310 ntehac
1025 1234 1129 1329 fecit,
1148 1238 1231 1312 nihil
1249 1242 1293 1315 ad

290 1374 313 1434 ,;
422 1374 477 1424 me
489 1366 623 1421 'attinet

321 1475 416 1550 Dum
431 1489 446 1522 ²
462 1493 595 1568 tempus
617 1469 660 1542 ad
674 1495 748 1543 eam
767 1497 839 1546 rem
857 1473 955 1564 tulit,
970 1475 1059 1568 fivi,
1081 1479 1230 1555 animum
1253 1444 1293 1557 lt

254 1674 259 1687 ,
305 1656 308 1663 .
430 1596 580 1692 expleret
601 1590 714 1665 suum:

247 1736 251 1745 ‘
320 1713 1292 1815 Nunchicdiesalinnrvitamadfert,aliosmorespostulat.

193 1834 197 1843 ’
320 1828 460 1919 Dehine
471 1835 625 1936 postulo,
639 1833 707 1911 live
718 1859 863 1934 aequum
877 1833 941 1924 est,
959 1856 993 1911 te
1005 1859 1096 1925 oro,
1115 1838 1238 1930 Dave,
1252 1858 1291 1914 ut

210 2059 212 2064 Ι
420 1959 532 2031 redeat
541 1956 611 2043 iam
628 1953 663 2026 in
678 1953 782 2028 viam.
1244 1983 1291 2031 20

134 2123 139 2150 ·.
305 2140 308 2149 .
322 2082 376 2153 D.
384 2078 462 2150 Hoc
472 2076 552 2175 quid
567 2075 622 2165 fio
640 2082 653 2147 ?
668 2078 718 2148 Si.
727 2096 847 2148 omnes
855 2074 915 2175 qui
922 2094 1056 2163 amant,
1071 2077 1221 2175 graviter
1230 2078 1290 2153 fibi

420 2203 491 2279 dati
507 2195 650 2279 uxorem
666 2199 789 2272 ferunt.
836 2246 839 2252 -

302 2405 307 2423 ,
320 2335 372 2407 D.
384 2336 430 2405 lta
441 2331 544 2426 piune.
565 2332 618 2402 Si.
632 2348 703 2400 tum
719 2322 743 2396 st
758 2321 833 2422 quis
848 2322 1038 2425 magistmnr
1053 2322 1142 2423 cepit
1157 2323 1288 2399 adeam

418 2481 489 2531 rem
510 2454 729 2552 improbum,
889 2446 892 2453 ’

320 2578 463 2676 ⁴lpsurn
493 2574 642 2649 animum
667 2587 839 2671 aegrotum
862 2569 905 2644 ad
929 2568 1131 2645 deteriorem
1157 2566 1287 2670 partem

419 2699 614 2797 plerumque
635 2697 790 2799 applicet.

321 2828 375 2897 D.
393 2824 475 2896 Non
495 2820 606 2895 hercle
626 2820 793 2920 intellego.
816 2824 863 2894 Si.
887 2820 988 2894 non?
1009 2819 1097 2894 henr.
1120 2825 1171 2892 D.
1192 2840 1285 2890 non:

418 2944 537 3017 Davus'
552 2941 642 3033 sunt,
661 2967 732 3016 non
745 2942 899 3040 Oedipus
917 2953 944 3010 5.

261 3128 266 3145 ‚
320 3067 370 3138 Si.
383 3064 514 3162 Nempe
526 3088 608 3162 ergo
620 3085 731 3161 aperte
746 3065 797 3140 vis
810 3094 830 3156 ,·
839 3085 925 3163 quae
940 3060 1061 3137 restant
1069 3113 1082 3154 ,
1096 3084 1150 3145 ore
1164 3056 1255 3159 loqui
1269 3061 1285 3135 l

417 3190 471 3261 D.
484 3185 558 3260 sane
570 3186 723 3284 quidem.
1239 3207 1281 3280 25

205 3494 214 3511 υ
319 3414 434 3500 (scilicet
447 3416 503 3478 hl
519 3417 673 3496 ironicum)
684 3400 774 3502 neque
831 3430 888 3478 eam
909 3415 1015 3500 rem(h.
1026 3437 1051 3481 e.
1067 3417 1124 3478 eins
1140 3416 1203 3496 rei)
1224 3433 1288 3477 tem·

282 3582 291 3603 ⁹
319 3516 464 3598 respondet
474 3519 641 3602 bero,quati
655 3542 712 3582 non
721 3542 771 3582 au·
825 3539 880 3602 pus
900 3539 954 3577 noo
974 3534 1041 3577 erat.

319 3624 445 3698 divisset,
458 3646 528 3708 quae
542 3624 591 3689 ille‘
598 3628 711 3693 dixerat.
759 3624 763 3631 ’
871 3647 886 3708 3
905 3622 1099 3687 Meditabondi
1110 3620 1221 3684 vultum
1235 3621 1287 3684 fin-

365 3734 420 3796 th.
433 3755 459 3795 e.
476 3732 560 3798 audis.
569 3731 771 3799 Demonstrati·
830 3756 897 3821 gens
914 3735 989 3796 dicit.
1010 3797 1014 3805 ,

319 3854 358 3895 ve
384 3829 559 3913 pronuntiat,
579 3831 654 3892 velut
676 3854 771 3894 aurem
870 3857 890 3909 4
915 3830 1053 3894 Westeth.
1068 3848 1180 3914 poetam
1199 3830 1284 3915 scrip·

142 3915 147 3924 ¹
180 3996 185 4007 Ι
317 3923 395 3987 sunm
409 3937 533 4003 tangens.
790 3970 796 3981 .
830 3920 889 3984 srsle
908 3923 993 3985 credit
1012 3924 1285 4008 ipfit’(ipsus)ani-

353 4038 379 4087 ‚2
402 4018 514 4098 Tempus
528 4013 631 4073 odiam
645 4036 696 4074 rem
708 4016 720 4088 (
732 4013 769 4076 lic
829 4036 897 4099 nrum
915 4016 971 4077 &o
985 4016 1215 4097 idquealibrariit
1228 4035 1287 4073 rnu-

319 4116 396 4174 enim
417 4110 576 4193 coniunge)
597 4108 636 4171 est
666 4125 773 4192 tetppus
830 4128 918 4193 terunt
934 4113 962 4169 in
975 4113 1068 4193 ipsunt.

320 4225 446 4265 amorum
474 4205 507 4266 &
530 4205 659 4266 liberioris
678 4207 774 4280 vitae3
876 4200 1082 4287 5Dill1mulans
1091 4197 1119 4259 se
1128 4199 1286 4280 intelligere,

294 4312 299 4317 '
322 4297 361 4362 uti
384 4294 506 4365 Eunuelt.
532 4298 573 4360 lv
586 4326 604 4374 ,¹
629 4320 653 4363 t.
679 4320 719 4382 7,
734 4301 773 4358 ad
828 4316 901 4380 quae
923 4296 1004 4365 herus
1026 4292 1152 4367 dixerat,
1172 4289 1284 4369 ,limulat
