2809 5234
254 489 321 587 158
521 489 558 563 P.
619 484 1013 562 TEREN-Tll

247 654 323 725 Nec
344 674 462 725 meum
478 651 661 749 imperium
678 676 687 720 ι
705 677 768 750 age
788 650 892 725 mitto
911 648 1098 749 imperinm
1111 676 1121 726 z
1134 662 1216 727 non

443 773 650 848 simultatem
675 801 788 849 meam

246 922 415 997 Revereri
434 920 571 996 saltim?
584 949 656 998 non
677 925 835 1020 pudere?
852 947 876 996 o
892 920 1023 996 facinus
1035 920 1145 995 audax
1159 921 1167 992 l
1183 945 1212 999 o

436 1041 527 1110 Geta

245 1183 422 1257 Monitor!
446 1187 490 1254 G.
513 1183 573 1254 vix
591 1135 732 1254 tandem
752 1202 774 1254 ¹.
789 1188 841 1259 D.
858 1186 943 1284 qnid
957 1188 1042 1262 milti
1061 1189 1207 1264 dicenti

433 1318 493 1373 aut
518 1326 623 1398 quam
645 1300 780 1374 causam
800 1307 995 1402 reperient?

245 1449 413 1524 Demiror
430 1467 455 1522 ².
487 1450 530 1523 G.
565 1450 662 1550 atqui
694 1451 832 1547 repperi
865 1453 963 1527 iam:
992 1456 1087 1529 aliud
1115 1481 1212 1531 cura.

441 1575 493 1646 D.
518 1598 562 1645 an
583 1574 652 1648 hoc
671 1575 765 1649 dicet
783 1576 891 1648 mihi?
1190 1600 1207 1676 5

243 1860 274 1920 in
288 1862 372 1920 tertio
385 1858 596 1931 versabitur,ut
604 1862 685 1941 prius

242 1967 398 2040 Phaedria,
418 1966 527 2028 causam
550 1968 679 2029 Anniu-

242 2077 335 2147 liam,
350 2072 482 2145 facilem,
497 2072 681 2145 vincibilem,

241 2193 382 2272 optimam
401 2191 521 2271 paucis,
539 2186 585 2249 sed
604 2187 682 2250 calli-

242 2298 276 2356 de
297 2297 418 2378 probet,
433 2294 587 2382 senemque
600 2299 683 2357 ainr-

241 2402 293 2485 gio
307 2402 339 2458 in
352 2398 417 2460 lites
431 2420 495 2459 cum
504 2400 683 2461 Phormione

242 2509 365 2569 deiiciar.
395 2509 552 2590 lmpulsum
567 2533 627 2571 tum
642 2511 684 2571 se-

242 2639 306 2675 nem
320 2621 426 2700 excipit
442 2620 511 2680 alter
519 2622 618 2682 artifex
628 2669 637 2693 ‚
648 2644 681 2682 ex

240 2722 348 2784 insidiis
368 2727 398 2783 in
419 2747 484 2786 eum
502 2728 663 2808 irrumpens
674 2773 683 2800 ,

241 2829 319 2885 cuius
335 2849 364 2886 nt
381 2827 452 2886 servi
467 2849 561 2909 partes
576 2830 680 2910 agendi

239 2936 270 2993 in
288 2938 342 2994 isto
366 2937 474 2995 iudicio
504 2933 598 2993 nullae
625 2931 680 2993 elle

240 3063 394 3123 poterant,
426 3045 466 3103 ita
495 3041 571 3099 hunc
595 3040 679 3098 senex

239 3154 389 3224 adoritur,
409 3151 487 3235 quod
500 3171 560 3207 non
581 3148 679 3205 dotem

239 3260 357 3339 potius,
374 3259 452 3342 quod
472 3255 517 3316 lex
533 3252 680 3334 permitte-

240 3364 307 3433 bat,
322 3365 442 3425 dandam
460 3364 606 3423 curaverit.
624 3359 680 3419 Sed

240 3478 268 3529 δι
289 3468 401 3542 servm,
415 3475 454 3532 uri
469 3473 556 3532 facete
566 3470 681 3550 culpam

239 3600 257 3638 a
272 3575 299 3637 se
314 3580 345 3636 in
362 3576 434 3638 senis
449 3584 595 3641 avaritiam
605 3601 682 3640 aver·

240 3704 297 3754 tet,
318 3685 356 3741 ita
372 3683 466 3741 senem
482 3685 591 3745 facilius
613 3707 683 3766 pro-

240 3792 356 3874 fligabit.
370 3791 406 3851 Et
419 3793 442 3850 is
457 3791 492 3850 stc
505 3794 618 3852 tandem
633 3794 682 3870 de·

240 3897 354 3965 iicitur,
374 3919 431 3980 quo
450 3895 685 3969 voluerant,scil.

241 3999 273 4058 in
296 4002 369 4062 rixas
391 4021 456 4066 cum
481 4002 683 4090 Phormione,

768 1862 887 1922 homine
904 1862 1059 1924 confidenti
1072 1872 1100 1924 &
1113 1865 1210 1924 versu-

764 1988 812 2047 t03
828 1973 877 2055 qui
886 1970 969 2032 illum
980 1971 1123 2035 conficiet.
1134 1971 1209 2031 Non

763 2078 861 2156 potuit
889 2096 984 2137 autem
1015 2075 1212 2135 vehementius

764 2192 894 2272 incipere
931 2189 1017 2251 nem.
1056 2192 1149 2249 statim
1178 2190 1210 2247 in

765 2300 889 2360 adventu
907 2297 957 2358 sno
975 2300 1009 2358 de
1027 2299 1136 2380 nuptiis
1158 2295 1210 2356 filii

765 2404 871 2463 certior
886 2402 1211 2488 fastus,quamntiran·
1248 2418 1251 2425 ¹

768 2515 806 2573 do
824 2507 1001 2573 adtniffuma
1015 2511 1086 2572 filio.
1099 2513 1156 2571 Sed
1171 2514 1211 2568 vi-

765 2626 799 2684 de
823 2627 933 2694 etiam,
963 2645 1072 2704 patrem
1100 2625 1209 2682 crimen

767 2732 860 2813 magis
876 2726 1008 2802 arcelletc
1034 2714 1069 2791 ah
1092 2730 1209 2811 imperii

762 2835 877 2911 paterni
899 2833 1096 2918 negligentia,
1124 2855 1210 2916 quam

765 2960 781 2996 a
807 2960 836 2996 re
859 2938 941 3020 ipsa,
954 2941 984 2997 in
1005 2959 1061 3021 qna
1080 2934 1123 2994 nil
1141 2931 1209 2991 mali

763 3063 844 3113 erar,
860 3065 1059 3126 praeterquam
1077 3041 1210 3124 quodin·

764 3148 860 3206 dotata
874 3147 937 3206 fuit.
954 3149 987 3205 ld
1002 3148 1099 3205 animo
1117 3145 1209 3225 magia

762 3249 852 3310 dolet.
880 3252 937 3310 Sed
963 3251 1042 3332 quod
1062 3247 1209 3325 adipsum

762 3360 908 3441 iurgium,
932 3359 1079 3419 audiamus
1109 3361 1209 3439 potius

767 3465 977 3529 observatorem
997 3467 1211 3550 intelligentem

765 3587 791 3638 δι
816 3577 956 3649 facetum,
970 3575 1063 3659 ipsum
1083 3575 1210 3637 Geram,

764 3686 796 3743 in
818 3685 927 3743 inlidiis
943 3683 1076 3765 positum.

811 3813 821 3850 t
843 3793 898 3851 lnt.
919 3793 976 3851 mei
993 3792 1136 3852 meminit.

809 3895 983 3961 ifinescio.
