2809 5234
249 824 319 894 206
402 866 405 875 ·
500 804 1005 894 P.TERENT11'

248 976 443 1057 perturbato
466 998 564 1077 atque
590 980 720 1053 incerto
744 1004 821 1078 prae
846 982 1062 1081 aegritudine.

249 1106 395 1195 Adsrdo,
412 1123 589 1179 accumrnt
614 1106 721 1176 servi:
750 1105 865 1180 soccos
890 1107 1089 1182 detrahuntt
1132 1204 1137 1213 Ι

246 1231 356 1304 Video
380 1228 462 1303 alios
487 1228 659 1317 festinare,
684 1229 788 1300 letior
814 1228 981 1321 sternere,

221 1358 399 1451 „Coenam
425 1377 605 1451 apparare:
630 1376 694 1450 pro
723 1352 754 1426 se
781 1354 922 1452 quisque
947 1351 1061 1430 sedulo

244 1473 422 1568 Faciebat,
447 1502 517 1575 quo
541 1476 629 1548 illam
658 1476 741 1546 mihi
768 1476 909 1551 lenirent
934 1478 1111 1553 miseriam.
1165 1502 1211 1582 75

247 1604 316 1677 Ubi
336 1602 439 1676 video
458 1602 561 1690 haec,
577 1601 673 1695 coepi
697 1600 869 1696 cogitate,
889 1602 963 1675 laem
976 1653 988 1691 ‚
1003 1620 1054 1675 tot
1074 1604 1141 1678 mei

246 1727 356 1801 Solius
378 1725 505 1800 solliciti
527 1741 534 1772 ¹
550 1723 612 1795 smt
626 1730 744 1812 causa,
761 1743 797 1796 ut
811 1749 865 1797 me
881 1752 984 1797 unum
998 1727 1180 1825 expleant?

248 1849 395 1922 Ancillae
409 1865 462 1921 tot
475 1870 529 1919 me
543 1844 682 1919 vestiant
697 1844 712 1918 l
729 1846 875 1944 sumptus
889 1847 984 1921 domi

247 1972 375 2043 Tantos
392 1995 457 2068 ego
480 1968 565 2042 solus
588 1964 736 2044 faciam?
764 1969 820 2043 sed
844 1992 979 2068 gnatum
1004 1969 1166 2063 unicum,

248 2096 359 2188 Quem
378 2094 501 2190 paritet
515 2094 561 2166 uti
577 2094 625 2165 his
639 2093 772 2183 decuit,
786 2109 842 2164 aut
856 2093 955 2165 etiam
969 2092 1132 2190 amplius,
1161 2090 1215 2167 80

246 2219 353 2314 Quod
376 2216 429 2290 illa
448 2243 533 2291 aetas
554 2215 655 2314 magis
671 2218 713 2290 ad
724 2216 806 2290 haec
820 2217 941 2289 utenda
956 2216 1077 2289 idonea
1087 2214 1162 2304 est,

247 2344 321 2436 Ego
342 2365 417 2411 eum
440 2338 517 2412 hinc
542 2343 623 2415 eieci
647 2340 802 2412 niseum
824 2338 978 2412 iniustitia
995 2362 1078 2413 mea.

247 2461 342 2531 Malo
355 2459 489 2555 quidem
507 2484 559 2532 me
574 2462 711 2559 dignum
727 2461 849 2558 quovis
863 2463 1045 2559 deputem,

249 2581 285 2651 Si
311 2580 344 2651 id
367 2579 496 2653 faciam.
519 2608 592 2653 nam
613 2583 714 2675 usque
735 2585 815 2654 dnm
836 2584 888 2655 ille
904 2587 1007 2657 vitam
1019 2580 1106 2658 illam
1126 2583 1215 2663 colet

248 2704 411 2798 Inopem,
430 2726 544 2774 carens
566 2701 668 2799 patria
690 2704 737 2773 ob
763 2699 852 2777 ineas
879 2704 1033 2813 iniprias,
1125 2720 1129 2727 '
1166 2708 1211 2806 85

249 2824 499 2923 intentansque
523 2825 568 2895 illi
594 2826 635 2896 de
659 2850 712 2896 me
737 2825 931 2922 supplicium
960 2828 1068 2920 dabo,

251 2944 441 3031 laborans,
466 2969 651 3040 quaerens,
674 2968 831 3039 parcens,
860 2944 905 3015 illi
929 2946 1074 3020 servient
1090 2953 1117 3022 ¹.

164 3151 170 3161 ι
232 3068 296 3151 'lta
321 3063 411 3140 facio
437 3067 590 3163 prorsus:
616 3065 697 3140 nihil
725 3065 876 3160 'relinquo
897 3064 931 3136 in
958 3069 1114 3159 rudibile,

248 3188 321 3262 Nec
347 3213 424 3277 vas,
451 3214 511 3260 nec
533 3188 767 3261 vestimentum
791 3203 828 3255 ³:
855 3191 981 3262 conrasi
1005 3195 1144 3266 omnia:

250 3313 416 3399 Ancillas,
431 3312 541 3384 servor.
558 3367 569 3400 ‚
588 3312 645 3383 rudi
670 3337 729 3385 eos
742 3365 753 3402 ,
768 3312 824 3410 qni
848 3336 950 3411 opere
971 3312 1094 3386 rustico
1168 3337 1218 3411 90

250 3440 416 3511 Faciundo
431 3437 527 3511 facie
541 3437 707 3534 sumptum
726 3454 915 3509 exercerent
938 3432 1056 3519 suum,

251 3557 394 3628 Omneis
416 3557 563 3653 produxi
589 3584 627 3629 ac
653 3557 813 3628 vendidi:
839 3532 983 3651 inscripsi
1009 3555 1100 3628 illico

252 3679 375 3750 Acdeis
397 3685 560 3756 mercede.
582 3682 673 3781 quast
695 3684 815 3754 talenta
841 3683 882 3753 ad
903 3679 1096 3779 quindecim

251 3798 362 3896 Co'e'gi
377 3823 513 3898 :agrum
528 3805 617 3879 hunc
634 3827 797 3880 mercatus
816 3805 887 3879 sum
900 3832 909 3878 ε
923 3805 977 3879 hic
991 3830 1045 3878 me
1060 3827 1213 3879 exerceo.

250 4004 318 4067 inse
333 4003 542 4066 vertit-absente
559 4003 623 4072 filio.
806 4007 859 4086 ph.
872 3948 1214 4079 l.nonveslessilas‚sed

293 4122 306 4162 1
328 4097 375 4160 Al.
391 4099 467 4180 fiant.
758 4099 790 4162 δι
808 4099 956 4182 sltagulas,
978 4118 1081 4185 tapetas
1097 4103 1154 4166 &o
1175 4099 1213 4162 es.

292 4214 309 4253 2
329 4191 365 4256 cs.
388 4192 469 4252 aliam
486 4189 610 4250 laboriosi
632 4189 700 4252 senis
758 4192 828 4255 insta
842 4192 892 4267 V,
908 4215 941 4270 1,
957 4214 1002 4274 30.

251 4279 574 4368 descriptionemAd.V,
584 4289 655 4366 μό
663 4286 701 4366 sq.
