2809 5234
210 798 284 878 '²04
454 789 492 860 t.
540 784 940 860 TERENTII

208 949 312 1018 Verba
324 948 417 1018 hodie
432 951 594 1020 intervos.
613 952 661 1021 D.
674 949 753 1045 quis
762 965 797 1020 te
806 947 907 1021 istaec
918 947 1008 1022 iussn
1019 948 1130 1050 loqui
1156 953 1199 1028 ¹?

208 1075 250 1145 C.
267 1075 380 1145 immo
401 1097 475 1144 non
493 1075 612 1168 potuit
625 1073 748 1146 melius
766 1076 981 1168 pervenirier
1147 1100 1195 1176 35

206 1201 286 1289 Eo,
317 1225 391 1299 quo
419 1223 484 1273 nos
510 1199 688 1273 volumus.
725 1205 771 1273 A.
804 1202 920 1275 occidi
948 1200 1045 1275 ²!C.
1078 1228 1196 1302 perge

405 1325 539 1423 eloqui.

208 1451 250 1519 6.
284 1448 331 1517 Ar
362 1447 477 1543 primo
505 1447 616 1519 homo
645 1445 814 1519 insanibat
836 1463 860 1521 ³.
889 1451 942 1522 D.
960 1447 1080 1540 cedo,
1103 1450 1199 1550 quid

406 1568 558 1665 postulat
574 1574 651 1669 rt.

213 1690 259 1760 G.
276 1686 403 1780 Quid?
418 1687 562 1762 nimiunn
579 1708 761 1787 quantum.
779 1694 817 1764 C.
839 1708 1007 1790 quantum
1022 1691 1036 1766 i
1057 1693 1129 1769 dic.
1147 1701 1189 1764 G.

277 1893 281 1901 ι
398 1811 529 1910 siquis
549 1817 652 1886 daret.

210 1937 381 2006 Talentum
404 1962 556 2030 magnum
575 1956 599 2006 ι.
625 1940 677 2009 D.
700 1935 810 2008 immo
838 1934 967 2006 malurn
987 1935 1131 2010 hercle:
1148 1958 1189 2013 ut

408 2053 458 2124 nil
484 2055 616 2150 pudet!

211 2181 252 2248 G.
274 2174 386 2267 Quod
406 2174 479 2247 dixi
497 2175 587 2248 adeo
611 2176 667 2249 ei:
691 2178 831 2271 quaeso,
852 2181 933 2272 quid
937 2177 976 2276 st
985 2181 1100 2270 filiam
1136 2177 1186 2274 46

207 2376 274 2437 ditis
285 2374 345 2436 scil.
355 2378 455 2436 iratior
468 2374 656 2459 Antiphose·
739 2375 868 2437 Mostell.
885 2378 928 2436 ΙΙΙ
941 2424 948 2449 ,
970 2399 981 2436 ι
994 2424 1002 2450 ,
1020 2400 1030 2437 r
1042 2402 1078 2453 14
1097 2381 1141 2468 sq.
1154 2388 1191 2448 ci.

208 2494 273 2533 cutn
298 2474 438 2556 loquitur.
738 2477 775 2534 ib.
785 2475 820 2535 sc.
833 2497 859 2554 3,
873 2478 1076 2552 16)constnbnt
1088 2491 1127 2541 60
1139 2486 1194 2543 mi·

253 2605 265 2642 t
294 2581 452 2641 Difficiiior
475 2579 495 2643 fi
523 2585 652 2645 tenacior
736 2583 1194 2670 nis.Sedminaeaiiaenliispre·

208 2694 321 2752 videtur
339 2694 428 2753 Dem.
442 2696 498 2756 Sed
512 2695 584 2758 alter
594 2718 656 2757 me·
738 2696 869 2756 tiostores
879 2692 1111 2760 fuiffevidentnt.
1126 2702 1193 2780 Qui

119 2857 124 2875 ¹,
209 2820 241 2862 ιιι
257 2803 354 2861 uxoris
374 2800 504 2880 faciliorj
525 2826 585 2888 quo
600 2827 656 2865 au-

209 2907 330 2970 xiliante
342 2910 430 2994 Syrus
442 2922 468 2973 &
482 2912 566 2974 illurn
577 2934 658 2972 cont·

211 3016 325 3075 modius
347 3013 445 3093 fallit3
465 3017 501 3078 cf,
518 3016 556 3078 sc.
571 3019 654 3099 ptio-

210 3145 271 3183 tem
299 3148 326 3185 v.
352 3147 398 3204 ¹3·

251 3251 267 3288 2
290 3228 362 3289 Ant.
378 3227 502 3289 scorfim.

253 3359 267 3418 3
287 3339 421 3399 Nimium
436 3337 596 3420 poscendo.

250 3467 270 3518 4
291 3443 429 3505 Clamans
449 3462 544 3525 rogat.
569 3443 654 3504 Indi-

211 3569 315 3633 gnatur
334 3573 402 3611 vero
423 3549 526 3623 senex,
548 3549 657 3633 quoda

210 3650 661 3734 primoimpudentiuspoposce·

211 3761 266 3833 rit3
277 3761 403 3844 indeque
417 3765 555 3837 coniicit,
571 3765 659 3824 etiam

208 3868 277 3947 'post
291 3869 510 3928 contentionem
525 3869 590 3931 satis
608 3871 655 3930 su-

210 3994 265 4054 pet
282 3971 365 4046 fore,
388 3974 466 4056 quod
486 3973 658 4037 solvendum

211 4076 253 4137 fit.

253 4205 266 4257 5
285 4186 422 4244 Talentum
429 4186 549 4246 Atticum
560 4197 586 4246 δι’
592 4209 655 4268 par·

739 2826 773 2864 ex
795 2802 901 2863 Plauto
925 2800 945 2861 l.
968 2822 993 2861 c.
1018 2800 1054 2862 sc.
1074 2802 1108 2873 Ι,
1135 2825 1189 2865 ror

741 2933 863 2997 quatuor
882 2912 1073 2997 quadraginta
1094 2914 1193 2974 minas

738 3009 832 3078 fecilie
859 3017 917 3076 duo
945 3015 1051 3076 talenta
1080 3038 1193 3101 magna

741 3127 901 3211 colligunt,
927 3141 989 3188 non
1012 3130 1132 3201 vident,
1151 3155 1193 3206 40

741 3232 834 3290 minas
863 3226 950 3290 inesse
970 3252 1024 3312 pro
1053 3229 1191 3298 foenore.

741 3339 916 3399 Poscentenn
927 3362 995 3399 vero
1008 3339 1074 3401 facit
1092 3342 1191 3404 Phor·

739 3444 868 3519 inionem
887 3443 954 3525 plus
974 3467 1061 3527 quant
1074 3450 1189 3527 petitu-

740 3570 787 3608 rus
801 3566 860 3609 etat
876 3547 961 3609 Geta.
970 3550 1039 3609 Scil.
1053 3551 1191 3628 volebat,

742 3648 822 3711 senes
835 3651 948 3712 credere
959 3698 966 3726 ,
977 3650 1004 3712 se
1012 3655 1052 3712 ita
1060 3653 1193 3715 camillo

743 3758 919 3825 contendiffe
943 3765 977 3824 de
995 3743 1128 3846 *pecunia
1155 3765 1192 3828 in

740 3891 858 3933 manunt
872 3868 982 3941 danda,
993 3886 1023 3927 ut
1033 3867 1108 3926 nihil
1121 3891 1191 3928 atn-

742 3975 820 4057 plius
840 3975 875 4035 de
890 3995 926 4052 30
943 3975 1029 4033 minis
1046 3974 1190 4038 decedere

740 4078 850 4138 debeat.
880 4076 916 4137 Et
942 4076 992 4138 has
1010 4077 1139 4152 dividet,
1156 4102 1190 4143 ut

726 4183 820 4269 'senes
834 4185 1014 4265 pedetentim
1034 4207 1071 4248 co
1091 4188 1189 4252 dedu·

210 4312 272 4352 vum
285 4292 311 4352 d»
326 4294 473 4375 magnum(
487 4295 545 4355 vid.
560 4294 651 4358 Plaut.
735 4312 780 4356 cat
794 4338 804 4370 ,
823 4314 883 4379 quo
901 4292 981 4360 velit.
