2809 5234
134 933 136 936 ·
260 929 307 1004 m
505 900 992 1002 r.†nnrnrrr

256 1097 295 1165 S.
314 1088 461 1188 Cupio,
484 1088 588 1187 aequi
616 1086 726 1161 modo
743 1084 886 1183 aliquid.
915 1088 976 1159 Ae.
991 1086 1088 1161 vab!
1113 1084 1199 1167 leno
1219 1096 1246 1146 ¹‘
1291 1074 1294 1078 Δ

453 1211 573 1308 iniqua
594 1235 649 1280 me
670 1232 745 1280 non
769 1207 849 1278 volt
874 1206 986 1306 loqui.

257 1334 298 1407 S.
324 1333 422 1404 Leno
445 1326 545 1418 sum,
568 1326 682 1399 sateot
696 1379 709 1416 ‚
723 1323 895 1421 pernicies
922 1325 1118 1401 communis
1144 1329 1238 1422 ado.

455 1445 659 1520 lescentium
676 1499 688 1536 ‚

258 1571 444 1662 Petimus,
467 1567 589 1666 pestis:
601 1586 719 1667 tamen
734 1569 832 1644 tibia
845 1593 902 1641 me
919 1567 1015 1642 nulla
1029 1567 1077 1642 est
1091 1570 1172 1641 orti
1179 1568 1240 1641 im

448 1695 548 1768 iuria.
741 1676 744 1681 ¹
824 1722 831 1735 ¹
1188 1715 1232 1794 ις

257 1819 321 1894 λι.
347 1818 438 1890 Nam
458 1815 574 1888 hercle
604 1814 708 1886 etiarn
730 1816 800 1888 hoc
824 1813 939 1888 restat.
963 1820 1001 1888 S.
1026 1814 1110 1889 illuc
1128 1841 1239 1916 quae-

455 1936 493 2010 so
515 1937 618 2027 redi,
641 1962 715 2036 quo
739 1935 883 2034 coepisti
901 1990 916 2027 ‚
934 1936 1104 2012 Aeschine
1123 1959 1148 2012 ².

257 2061 325 2138 Ἀι.
351 2063 455 2135 Minis
480 2063 606 2159 viginti
634 2079 674 2134 tu
705 2061 802 2133 illam
838 2058 972 2151 emisti,
994 2084 1083 2157 quae
1101 2087 1155 2135 tes
1172 2063 1238 2139 tibi

449 2204 571 2259 vortat
601 2185 718 2257 male:

261 2312 406 2411 Argenti
435 2330 573 2383 tamum
598 2307 737 2382 dabitur
756 2324 781 2384 ⁵.
805 2312 839 2381 S.
866 2303 980 2405 quid,
1003 2303 1029 2378 sr
1049 2329 1115 2411 ego
1139 2301 1236 2379 illam

457 2436 547 2508 nolo
573 2432 760 2523 vendere,

262 2555 376 2650 Coges
399 2577 454 2623 me
472 2553 513 2622 4?
548 2558 610 2626 Ae.
628 2552 794 2627 minume.
818 2553 859 2626 S.
871 2575 1021 2650 namque
1037 2548 1074 2623 id
1087 2547 1195 2623 metui
1214 2564 1241 2624 ί.

458 2683 522 2750 Ae.
538 2702 652 2776 neque
672 2676 897 2752 vendundam
912 2673 1063 2766 censeo,

309 2942 419 3024 tQuid
432 2943 515 3004 illum
533 2963 718 3025 porropt‘tc·
785 2929 923 3005 'sasiones
946 2942 1022 3002 avari
1044 2939 1172 3001 lenonis.

266 3051 359 3114 dicem
371 3067 380 3110 ἰ
391 3051 490 3112 Mores
501 3051 638 3111 lenonios
652 3049 714 3131 ipse
842 3071 855 3126 5
875 3049 995 3111 Ftasius
1008 3049 1088 3110 disin
1096 3047 1243 3108 fidentiori

265 3182 334 3219 mox
364 3160 500 3241 exprimit
527 3157 647 3216 Sannio.
674 3154 710 3215 cf.
795 3157 836 3216 ita
853 3154 1028 3237 respondet,
1048 3175 1077 3215 ut
1101 3155 1168 3215 inde
1181 3155 1243 3214 Ae·

263 3261 356 3323 Plaur.
372 3262 444 3323 Rud.
468 3262 528 3333 ΙΙΙ,
543 3283 578 3332 2,
596 3264 642 3337 38.
795 3258 909 3322 schinus
927 3260 953 3321 se
976 3261 1151 3343 superiorem
1173 3258 1242 3318 sen-

307 3393 322 3427 2
340 3368 605 3438 Aeschinum,rem
619 3409 627 3437 ,
641 3385 713 3448 quae
798 3366 868 3437 tint,
887 3372 916 3423 δι
937 3365 1047 3423 rideant
1067 3363 1245 3443 spestarores

265 3467 314 3527 hic
326 3471 476 3550 agebatur,
492 3468 610 3528 lenonis
635 3471 721 3529 omit·
803 3466 970 3540 hominem,
982 3468 1028 3527 cui
1038 3469 1103 3548 post
1114 3463 1245 3529 amissam

267 3588 326 3630 tere
348 3570 455 3644 visum,
474 3575 532 3632 iam
555 3593 638 3656 rogat
651 3574 717 3665 ipse
798 3569 948 3631 mulierem
961 3569 1036 3631 nihil
1052 3568 1244 3654 magiscurae

266 3679 366 3735 minor
386 3680 505 3743 Sannio.
792 3677 848 3743 effe
869 3680 981 3756 debuit,
1003 3700 1088 3765 quam
1105 3699 1135 3739 ut
1151 3679 1242 3740 habe-

312 3800 325 3858 3
358 3780 477 3842 Brevius
496 3788 613 3868 expedit
633 3787 717 3849 calli-
800 3805 844 3848 ret
859 3789 920 3849 eius
934 3787 1069 3870 pretium.
1080 3783 1161 3853 Hinc
1176 3805 1245 3866 pro·

268 3880 322 3940 dus
346 3877 506 3943 Aeschinus
532 3902 611 3961 tem,
633 3908 718 3970 aegre
800 3891 929 3974 greditur
958 3886 1062 3951 Aesch.
1086 3886 1122 3947 ad
1143 3884 1245 3950 ultima

148 4030 153 4069 .
267 3987 439 4073 pollicendo
465 4009 589 4068 rantum,
617 3997 717 4079 quanti
800 3998 957 4069 edicenda,
982 3996 1085 4079 quibus
1108 3995 1245 4077 profliget

267 4114 375 4158 emetat
394 4094 473 4156 leno.
798 4102 1011 4160 contumaciam
1036 4102 1126 4159 animi
1146 4101 1243 4181 pretio

310 4207 449 4280 4Denuo
466 4203 535 4264 leno
549 4224 638 4267 tentat
658 4208 718 4269 Ae·
799 4207 926 4281 adelini,
939 4227 955 4266 a
971 4205 1047 4288 Syro
1058 4206 1144 4294 sc.'sq.
1157 4209 1246 4271 astute

268 4307 397 4371 schinum
417 4333 426 4386 3
442 4310 488 4371 sed
507 4314 531 4370 is
543 4311 591 4371 fibi
607 4311 720 4392 semper
801 4307 1021 4371 conficiendam

269 4415 719 4502 constantaspernaturtetgiver·
