2809 5234
136 180 1262 520 -

174 797 278 894 ¹408
455 797 549 872 ru
600 794 970 872 fluctuant
1109 772 1112 783 ’

218 1000 223 1015 ·
253 960 312 1029 lin.
344 982 394 1052 ¹3·
414 987 493 1026 uxor.
520 955 616 1028 Falso
642 956 772 1027 additur
789 953 895 1048 vulgo
915 982 933 1024 a
953 952 1087 1025 Faeruo
1107 980 1199 1041 ma,

210 1052 298 1141 quast
318 1055 396 1119 edet
417 1049 611 1140 Myrrhina,
635 1073 721 1119 uxor
743 1048 923 1137 Phidippi3
945 1047 986 1115 ef.
1007 1047 1049 1116 ad
1077 1074 1114 1120 v.
1135 1052 1199 1140 89.

208 1142 275 1215 Sed
303 1141 466 1235 ingestum
487 1140 534 1211 est
558 1160 685 1231 praeter
705 1166 772 1211 rem
794 1141 973 1211 &versum
992 1168 1053 1207 mea
1068 1171 1084 1222 ,·
1097 1141 1200 1232 quod

210 1259 286 1305 cum
303 1234 454 1316 Erulum,
468 1233 602 1324 eiusque
618 1234 741 1303 affeelis
752 1282 763 1317 ,
775 1239 806 1303 δι
817 1231 886 1321 ipso
894 1230 1006 1302 Bentl.
1018 1236 1199 1302 eiicimus.

257 1352 333 1416 pag.
355 1333 428 1420 ¹346
448 1329 506 1394 lin.
529 1351 562 1421 7.
591 1334 665 1394 hinc.
688 1325 738 1396 lta
761 1326 847 1395 reete
866 1321 975 1394 Bentl.
1000 1347 1064 1413 pro
1093 1324 1198 1418 vulg.

210 1425 301 1499 tanc,
329 1419 417 1506 quod
438 1419 598 1487 inutiliter
617 1418 746 1486 additur
765 1425 801 1487 in
820 1425 900 1484 iram.
926 1415 1039 1486 Bentl.
1066 1422 1201 1487 excitat

210 1508 282 1578 Ad.
297 1509 369 1593 lll,
390 1536 427 1604 3,
443 1534 464 1604 7
479 1518 542 1579 linc
553 1522 566 1589 (
578 1537 596 1579 a
608 1508 711 1600 Syro)
723 1513 808 1594 scibo.
819 1507 988 1577 Addimus
1000 1533 1043 1578 ex
1051 1508 1201 1579 Phorm.

212 1600 285 1682 IV,
303 1627 402 1690 2,14
416 1628 508 1691 petam
529 1611 593 1668 ltine
607 1614 644 1682 (a
663 1599 905 1691 Demiphone)
919 1610 989 1668 unde
1002 1631 1021 1668 a
1030 1611 1131 1691 primo
1146 1612 1202 1668 irr-

206 1701 285 1785 flirui
301 1723 310 1760 .·
327 1702 389 1783 isfi
400 1703 464 1770 dat,
478 1700 524 1781 sar
546 1701 589 1782 ιβ

213 1811 333 1951 ..rt
360 1789 691 1966 enitere.
713 1783 1203 1969 litterature:

214 1980 326 2042 verius
344 1970 437 2039 causa
449 1973 576 2058 optime
595 1969 746 2039 emendat
760 1972 853 2063 vulg.
869 1978 947 2058 obstet
965 1974 999 2037 in
1019 1978 1116 2054 obsta.
1133 1968 1201 2037 Sed

215 2069 248 2131 ἀ
275 2087 349 2128 cum
377 2061 484 2132 Bentl.
516 2070 604 2145 miti,
628 2062 718 2152 quod
742 2083 817 2131 ante
846 2070 967 2150 quaesitas
993 2064 1107 2154 vulgo
1135 2060 1204 2144 est,

214 2153 455 2245 postponimus.

264 2272 339 2337 pag.
359 2272 420 2339 349
442 2247 497 2314 lin.
523 2270 552 2313 1.
576 2253 682 2332 Quaere
702 2253 742 2312 al.
768 2270 789 2310 r.
806 2253 961 2330 firmiorem.
989 2243 1055 2312 Al.
1072 2242 1205 2314 addunt

216 2346 355 2421 amicum,
379 2339 472 2427 quod
495 2335 611 2407 Bemb.
645 2340 833 2425 praeponit,
858 2342 891 2405 in
917 2339 1075 2425 plurimis
1097 2336 1205 2406 abest.

218 2427 328 2515 ltitur
360 2430 476 2499 Faern.
502 2429 710 2496 lubdititium
742 2428 887 2513 iudicat,
908 2454 943 2497 ac
976 2427 1052 2515 post
1073 2431 1205 2498 multos

216 2517 330 2590 Bentl.
346 2527 488 2600 omittit,
504 2548 546 2589 ne
560 2524 670 2589 verius
684 2522 867 2610 exsuperet.

266 2617 323 2679 lin.
347 2635 362 2701 3
388 2626 430 2704 tq.
457 2615 550 2694 Alii,
576 2617 633 2702 qui
658 2612 717 2682 hos
741 2619 850 2683 verius
875 2613 913 2681 ad
941 2632 1092 2681 metrum
1115 2613 1208 2682 lam-

217 2703 328 2771 bicum
354 2709 484 2771 eratios
504 2707 566 2774 ess'e
581 2707 698 2774 volunt
710 2757 719 2788 ‚
731 2707 831 2772 alium
849 2706 1023 2777 verborum
1047 2705 1211 2775 ordinem

218 2795 412 2882 sequuntur.
447 2795 510 2864 Sed
540 2799 707 2885 sequimur
731 2797 842 2867 Codd.
863 2807 895 2866 &
920 2797 992 2866 edd.
1017 2800 1211 2882 meliores,

220 2887 308 2956 unde
326 2889 398 2957 lunt
420 2889 522 2955 troch.
548 2892 642 2957 catal.
969 2937 971 2940 ι

270 2981 327 3047 lin.
354 3007 384 3071 9.
412 2989 491 3047 Alid.
519 2978 571 3048 Sic
599 2981 691 3048 iubet
717 2978 828 3050 Bentl.
851 3005 893 3050 ne
925 2981 1093 3051 lambiens
1121 2987 1215 3051 inter

221 3068 346 3140 Troth.
361 3071 550 3141 intercedat.
570 3072 616 3142 Et
635 3097 713 3140 mox
729 3100 760 3143 v.
784 3081 824 3142 26
845 3099 886 3142 ex
896 3074 988 3164 vulg.
1002 3102 1043 3139 me
1051 3079 1128 3164 sagr.
1146 3085 1214 3142 hab.

221 3167 330 3232 reiicit
347 3195 409 3244 ηις
425 3163 513 3253 quod
528 3171 561 3232 δι
577 3166 748 3254 eleganter
763 3165 861 3233 abest.

267 3282 344 3344 pag.
371 3283 428 3349 351
448 3260 502 3323 lin.
521 3281 569 3348 13.
584 3256 659 3325 Alii
679 3257 803 3324 addunt
823 3254 1011 3344 responsum
1027 3254 1213 3327 Bacchidis

218 3351 326 3434 faciam
336 3352 442 3432 sedulo.
459 3348 524 3417 Sed
541 3348 574 3414 id
594 3348 681 3416 abest
702 3353 733 3414 in
754 3347 862 3417 Codd.
886 3346 1013 3416 Faerno
1034 3356 1068 3416 &
1089 3347 1213 3419 Bentl.

222 3444 386 3519 tradatis,
409 3440 549 3528 aliisque
574 3466 626 3528 ap.
650 3440 810 3511 Westerh.
839 3447 871 3506 8(
895 3440 1046 3507 omilium
1073 3447 1109 3508 in
1135 3442 1214 3510 edd.

248 3529 336 3597 riscis
349 3529 479 3601 Tarvil.
491 3532 635 3601 Mediol.
648 3533 736 3622 Arg.
751 3553 820 3598 tum
834 3530 1013 3601 Lindenbr.
1030 3533 1132 3603 Parei
1144 3541 1212 3602 διε.

222 3555 380 3693 Stemus.
396 3649 495 3711 quem
510 3633 542 3692 &
556 3623 700 3713 sequitur
719 3621 830 3694 Bentl.
841 3622 969 3693 versum
986 3625 1101 3714 explet
1119 3651 1211 3715 qua-

223 3734 300 3780 tuor
327 3716 435 3783 verbis
457 3742 498 3785 ex
518 3718 563 3806 sq.
586 3717 626 3785 lc.
648 3718 703 3789 Ac
728 3717 802 3786 saue
826 3717 944 3785 melius
961 3715 1031 3786 suet
1049 3717 1091 3785 ad
1119 3719 1211 3786 dicia

224 3805 404 3887 Lachetis,
428 3813 484 3896 qui
516 3813 621 3876 cornia
648 3812 746 3881 minis
776 3810 949 3879 miscuerat
958 3834 971 3897 3
1004 3814 1093 3879 inter
1120 3835 1213 3903 quae

225 3897 323 3968 Phid.
342 3899 475 3970 advenit
491 3904 523 3966 in
542 3923 705 3990 tempore.

227 4017 347 4152 sega}
366 4017 432 4152 isit
444 3993 781 4154 lile.119.ra‹eldsggi;.el[}l.
802 4015 915 4062 contra
931 3991 1050 4062 Bemb.
1075 4003 1212 4061 adduxit·

356 4112 374 4151 ἃ
483 4113 512 4149 nt
540 4113 559 4174 p
578 4112 594 4152 a
731 4121 733 4125 ’
751 4136 761 4156 ι

226 4175 1213 4357 ..astruarides:restitisse

103 4372 105 4378 ’
226 4379 270 4427 ne
281 4357 400 4432 falsum
414 4362 491 4438 effe.
519 4360 566 4436 Et
585 4387 640 4454 ap.
662 4359 844 4436 Cic.'certe
863 4373 963 4433 uinea
987 4361 1232 4444 (accusatio--
