2809 5234
708 458 712 467 Ι
1214 450 1215 455 t

278 533 283 540 ι

526 743 828 822 uterne
954 691 958 700 ’
1086 766 1158 842 3„

135 883 150 906 κ
185 914 295 993 Nune
307 935 382 995 uon
406 907 478 997 est,
499 932 578 983 cum
596 907 821 1003 consequitur
838 903 967 981 alienus
985 931 1084 1006 puer.

185 1041 223 1112 L.
247 1037 349 1111 Nulla
367 1035 454 1122 tibi,
475 1029 675 1130 Pamphile,
695 1031 750 1104 hic
767 1031 834 1104 iam
851 1031 1057 1105 consultatio
1076 1029 1135 1107 est.
1196 1100 1200 1106 .

184 1162 248 1234 Pe.
268 1160 356 1235 Perii
377 1165 409 1232 ⁸!
429 1161 466 1230 L.
485 1160 576 1230 hunc
589 1154 710 1227 videre
726 1151 823 1248 saepe
838 1153 1043 1248 optabamus
1056 1156 1159 1232 diem.

177 1263 276 1356 Cum
292 1308 337 1355 ex
358 1300 392 1356 te
413 1298 426 1334 ²
453 1279 535 1353 effet
562 1275 707 1374 aliquis,
732 1275 792 1373 qui
818 1293 854 1347 te
882 1277 1070 1373 appellaret
1099 1305 1160 1375 pa·

376 1421 464 1477 trem
478 1455 489 1491 ‚

1113 1425 1200 1500 30,

185 1529 338 1602 Evenit:
354 1529 467 1600 habeo
482 1523 624 1624 gratiam
639 1522 702 1597 dis.
723 1524 785 1597 Pa.
808 1520 923 1597 nullus
942 1515 1040 1595 sum!
1075 1625 1076 1629 Ἰ

185 1654 223 1725 L.
250 1651 370 1724 Reduc
396 1674 572 1736 uxorem,
595 1672 633 1722 ac
662 1647 735 1719 noli
759 1645 933 1723 advorsari
954 1646 1050 1720 mihi.

185 1774 247 1845 Pa.
277 1777 375 1847 Pater
394 1789 427 1863 ⁵,
451 1771 476 1843 st
505 1796 548 1844 ert
571 1795 626 1841 me
647 1769 707 1842 illa
732 1769 861 1842 liberos
878 1767 987 1840 vellet
1010 1767 1092 1862 fibi,

184 1901 257 1970 Aut
271 1896 304 1969 se
326 1896 392 1968 effe
409 1922 544 1991 mecum
570 1914 738 1992 nuptam3
756 1893 832 1965 satis
858 1911 955 1966 cetto
977 1893 1072 1983 sci0,

185 2019 269 2091 Non
288 2044 343 2091 me
359 2018 448 2093 clam
461 2019 626 2106 haberet,
641 2016 739 2114 quod
760 2014 880 2089 celaffe
896 2016 1075 2115 intellego
1113 2037 1156 2118 35

181 2141 314 2231 Nunc,
351 2165 430 2218 cum
466 2141 540 2213 eiua
571 2138 725 2229 alienumv
758 2136 825 2209 etse
861 2162 882 2209 a
922 2163 978 2211 me
1007 2141 1160 2220 animum

383 2263 524 2335 sentiam
536 2315 548 2350 ,

184 2381 259 2452 Nec
279 2403 537 2454 conventurum
561 2381 653 2456 inter
678 2411 744 2460 nos
769 2379 910 2482 posshac
932 2379 1098 2473 arbitrer;

184 2620 286 2680 ducere
314 2638 457 2690 matrem,
483 2640 554 2703 quac
580 2619 628 2681 lu·
659 2640 663 2649 ·

183 2748 263 2794 crum
279 2739 413 2816 apportet
433 2753 467 2791 ex
486 2754 578 2813 puero
598 2755 626 2794 a·

181 2847 273 2910 lieno.
304 2821 517 2905 Absutdasane
535 2841 623 2902 Pam·

180 2951 257 3033 phili
272 2955 392 3037 ingenio
405 2950 538 3023 honesto,
551 2968 627 3010 nuuc

181 3051 309 3112 sollicito
339 3056 483 3129 maxime,
508 3057 624 3128 ironia3

181 3159 227 3217 cui
241 3156 339 3224 locunt
356 3161 433 3220 dedit
451 3161 565 3223 inficeto
578 3184 627 3222 ee-

181 3270 249 3329 teris
272 3271 451 3352 grammatici
492 3270 625 3333 observa·

181 3373 244 3444 tio,
258 3373 333 3458 quast
354 3352 435 3435 subsit
456 3375 627 3457 metaphora

179 3498 197 3537 a
213 3481 382 3558 pecoribus,
394 3482 428 3541 de
440 3469 625 3566 quibusillud
668 3548 672 3560 Ι

181 3586 284 3644 dicitur
298 3607 305 3640 ι
317 3585 416 3647 Parnes
424 3591 544 3668 sequitur
554 3600 629 3649 vert-¹

179 3709 252 3760 trem.
277 3692 367 3752 Unde
381 3715 498 3776 quoque
517 3693 626 3775 fastum

153 3848 157 3853 .
180 3800 322 3858 credimus
333 3845 341 3872 ,
355 3801 537 3858 utinderetut
549 3823 605 3859 cam
613 3842 624 3873 ‚

181 3908 261 3992 quod
274 3900 360 3990 vulgo
376 3907 413 3993 stc
424 3907 545 3990 legitur:
564 3926 624 3968 cum

179 4022 311 4101 eamconfi
318 4043 345 4080 a.
351 4038 442 4099 panos
451 4022 623 4094 omittimus,

180 4127 260 4211 quod
277 4147 389 4207 praeter
405 4122 546 4184 senarium
566 4127 623 4202 est3

180 4238 310 4312 &patrem
326 4229 514 4317 sequtbtntut
526 4232 620 4294 liberi.

233 4337 400 4428 Terentiei
420 4342 455 4411 T.
473 4344 527 4413 11.

750 2645 763 2685 1
779 2629 839 2687 Sibi
854 2628 996 2713 loquitur.

726 2785 728 2787 .
751 2755 768 2794 a
796 2737 873 2796 Bene
896 2720 932 2797 fic
951 2755 1032 2818 putat
1054 2732 1157 2809 senet,

709 2842 788 2924 quod
807 2840 975 2921 Pamphilus
991 2862 1052 2899 non
1063 2857 1156 2921 putat.

710 2949 846 3032 (Neque
868 2969 965 3008 tamen
987 2947 1060 3008 illud
1082 2962 1159 3019 nunc

709 3054 856 3128 refutabit,
883 3052 922 3112 oh
944 3052 1029 3115 fidem
1051 3051 1156 3117 datam.
1235 3061 1237 3064 ’

710 3164 760 3225 Sic
786 3184 851 3224 cum
869 3166 902 3222 in
924 3164 1001 3224 exitu
1022 3166 1156 3247 agnoscet

708 3272 830 3354 Pamph.
844 3289 879 3331 et
895 3266 923 3331 se
935 3289 1033 3330 natum
1044 3301 1059 3343 ,Δ
1067 3289 1156 3350 poeta

707 3377 748 3436 ita
765 3378 838 3458 regit
854 3375 924 3435 fines
943 3375 1059 3444 decori,
1076 3375 1155 3433 utvh

707 3483 925 3565 tium‚‘virgiui
950 3481 1059 3541 factum
1086 3500 1155 3541 ante

705 3587 1155 3672 nuptias‚te6bummaneat.)Ce·
1241 3597 1243 3600 '

709 3717 802 3758 terum
811 3698 876 3758 satis
889 3697 1010 3758 humatae
1019 3706 1046 3758 δι
1058 3715 1155 3778 pater·

707 3823 744 3860 ne
753 3802 898 3872 admonet,
911 3798 1039 3862 hortatur
1050 3800 1152 3864 hliuma

707 3905 762 3986 ”3
784 3905 828 3967 Ex
844 3909 939 3967 verbis
957 3907 1047 3988 patris
1064 3906 1151 3966 Pam·

704 4017 802 4101 philus
813 4013 923 4078 causam
939 4015 1024 4076 oham
1038 4011 1150 4077 diicidil

705 4128 805 4186 arastus
820 4125 869 4186 est.
895 4122 938 4207 Et
958 4127 1051 4185 celato
1070 4127 1152 4189 enim

704 4252 788 4316 partu
800 4249 939 4314 appatere
959 4226 1087 4293 animum
1108 4226 1167 4292 ih

924 4332 957 4410 Υ

1019 4572 1253 4712 [nunu.
