2809 5234
757 927 1627 1017 EUNUCHus.
2069 957 2199 1034 ¹73

569 1083 1004 1193 ‘Acras
1110 1105 1198 1174 V.
1271 1099 1705 1191 ,sch-NA
1802 1097 1965 1172 VI.

655 1287 1177 1379 LACHES,
1231 1231 1878 1359 'PARMENQ

291 1494 363 1564 L.
393 1502 414 1540 ¹
453 1393 598 1568 E
623 1484 697 1557 X
747 1507 907 1557 meo
958 1479 1346 1581 propinquo
1393 1463 1553 1554 rure*
1595 1479 1730 1554 hoc
1775 1475 1975 1577 capio
2021 1491 2215 1553 comi

634 1607 866 1681 modi:

296 1737 537 1835 Neque
563 1731 747 1832 agri,
772 1753 988 1829 neque
1010 1727 1192 1803 urbis
1213 1721 1443 1802 odium
1470 1751 1580 1801 me
1603 1750 1893 1826 unquam
1914 1725 2264 1825 percipit

298 1859 440 1934 Ubi
483 1856 670 1931 satias
716 1854 947 1951 coepit
982 1849 1127 1933 fieri
1150 1904 1173 1943 ‚
1215 1869 1566 1926 commuto
1612 1851 1857 1924 locum.

294 1982 426 2057 Sed
463 1979 642 2056 estne
688 1978 795 2051 ine
842 1975 1064 2050 noster
1108 1975 1493 2048 Parmeno?
1547 1995 1616 2046 et
1675 1991 1852 2046 certe
1899 1973 2072 2072 ipsus
2107 1973 2224 2048 est.

300 2107 524 2202 Quem
559 2098 954 2204 praestolare
975 2153 998 2192 ‚
1029 2099 1357 2172 Parmeno
1383 2150 1408 2187 ‚
1435 2097 1543 2169 hic
1578 2115 1728 2169 ante
1771 2095 2012 2170 ostium
2039 2098 2069 2171 ἓ
2183 2121 2218 2200 ς

216 2251 229 2267 ·
302 2233 387 2305 Ρ.
409 2229 580 2324 Quis
619 2228 834 2302 homo
879 2223 1032 2300 est?
1091 2222 1282 2306 ehem
1316 2232 1392 2310 ²,-
1419 2220 1669 2297 salvum
1696 2238 1761 2293 te
1794 2234 1820 2285 3
1848 2221 2177 2298 adveniffe
2200 2275 2227 2315 ,

649 2352 809 2424 hene
825 2403 848 2439 ,
892 2347 1174 2446 gaudeo.
2053 2372 2093 2420 z

295 2481 372 2552 L.
411 2476 644 2570 Quem
693 2470 1089 2569 praestolare
1116 2471 1145 2543 ἓ
1177 2472 1261 2544 Ρ.
1282 2467 1490 2568 perii.
1517 2467 1759 2578 lingua
1765 2468 1990 2544 haeret
2028 2487 2231 2545 metu.

645 2598 719 2668 L.
765 2595 919 2666 hem
944 2645 969 2683 ,

303 2716 499 2814 Quid
519 2713 648 2789 est.
628 2715 658 2765 ²
687 2715 851 2814 quid
868 2714 1199 2812 trepidas?
1224 2715 1365 2789 sati’
1386 2740 1468 2788 ne
1494 2715 1670 2791 salve
1689 2733 1716 2778 ⁴
1736 2718 1767 2791 ἓ
1790 2715 1898 2792 dic
1924 2716 2108 2791 mihi.

301 2844 389 2914 Ρ.
418 2841 625 2929 Here,
653 2836 942 2937 primum
969 2857 1037 2911 te
1060 2838 1360 2912 arbitrari
1382 2839 1474 2930 id,
1501 2843 1688 2937 quod
1714 2866 1818 2914 res
1845 2839 1974 2929 est,
1995 2842 2228 2916 velim.

306 2963 656 3065 Quidquid
699 2962 889 3036 huius
940 2960 1187 3111 saelum
1240 2960 1380 3054 est,
1411 2949 1619 3060 culpa
1666 2988 1809 3037 non
1857 2963 2102 3038 fastum
2142 2966 2238 3040 est

642 3111 791 3161 mea
827 3100 878 3161 5.
2147 3112 2237 3163 ιο

305 3215 380 3284 L.
420 3210 668 3306 Quid?
717 3212 801 3283 Ρ.
848 3210 1021 3282 reste
1073 3208 1226 3284 sane
1273 3203 1688 3308 interrogasti
1716 3263 1738 3301 ,
1792 3210 2100 3308 oportuit

398 3391 421 3431 ι
450 3370 606 3434 Senis
623 3371 783 3430 huius
812 3389 1015 3430 nomen
1032 3369 1219 3452 ,quod
1271 3354 1294 3372 ’
1337 3371 2282 3453 vett.Bentleiu5.Vulg.advenire:-

309 3493 402 3554 ap.
424 3471 752 3536 Terentium
790 3495 904 3535 non
940 3470 1052 3547 est,
1077 3472 1105 3556 (
1126 3495 1215 3557 ap.
1440 3497 1481 3551 4
1532 3476 1573 3537 s.
1611 3475 1790 3552 reste,
1821 3476 1919 3537 int.
1950 3475 2070 3536 sunt
2110 3498 2239 3538 om-

308 3581 679 3644 Menandrum
700 3584 882 3644 Simon
903 3581 1208 3666 )aGram-
1328 3583 1451 3648 nia?
1470 3582 1509 3642 s.
1528 3583 1718 3666 agitis?
1758 3583 1855 3645 Sic
1879 3582 2047 3645 Plaut.
2079 3582 2236 3647 Trin.

312 3687 520 3745 maticis
565 3702 705 3746 vett.
758 3682 1088 3766 appofitum.
1154 3682 1208 3744 Is
1328 3683 1388 3744 V
1414 3731 1436 3756 ,
1471 3705 1505 3743 2
1527 3728 1549 3754 ,
1605 3702 1699 3766 53.
1764 3681 1888 3748 Liv.
1920 3683 1945 3745 Ι
1970 3728 1990 3759 ,
2044 3682 2132 3766 58.
2172 3682 2246 3750 cf.

315 3811 453 3850 vero
471 3794 581 3854 iam
598 3789 824 3862 otiosus,
835 3809 926 3846 rus
937 3785 1090 3845 suum
1101 3787 1217 3845 lau·
1336 3786 1515 3848 Andr.
1538 3787 1650 3858 IV,
1671 3787 1743 3858 6,
1761 3805 1817 3867 9.
1832 3787 2075 3872 &ApuL
2107 3792 2250 3854 Met.

311 3896 452 3958 dans
470 3942 488 3972 ,
521 3917 659 3956 mox
685 3899 741 3954 in
772 3897 938 3956 curas'
954 3898 1218 3956 coniicie-
1337 3899 1538 3980 lquam
1557 3899 1714 3980 shlve
1730 3901 1846 3982 agit
1859 3901 1971 3967 &c.
1998 3901 2094 3966 Al.
2116 3926 2244 3964 ma-

244 4046 254 4056 .
315 4019 420 4064 tur.
1340 4004 1457 4064 lunt
1472 4005 1664 4085 Jhlvae
1679 4049 1701 4077 ,
1732 4007 1828 4065 int.
1850 4027 1935 4067 res
1962 4006 2099 4066 sunt.
2136 4007 2245 4067 Sed

397 4127 431 4168 2
455 4103 659 4169 Servus
676 4104 829 4188 quast
856 4103 925 4166 de
946 4103 1216 4184 improvi-
1342 4105 1561 4171 Donat.
1577 4131 1675 4192 per
1693 4111 1823 4176 adv,
1853 4115 2086 4194 exponit
2099 4158 2119 4184 ,
2143 4112 2251 4171 lau·
2272 4141 2277 4147 ·

312 4210 374 4273 so
404 4209 614 4292 respicit
635 4209 706 4271 ad
728 4208 919 4270 herum
944 4254 965 4280 ,
994 4208 1106 4266 iam
1124 4226 1223 4267 an·
1341 4209 1541 4293 datque
1586 4212 1896 4275 Sallustium
1922 4259 1946 4286 ,
1984 4235 2155 4293 quem
2189 4237 2252 4279 v.

311 4333 367 4379 te
400 4310 495 4372 fibi
528 4311 730 4374 visum.
1348 4314 1548 4399 fragm.
1569 4315 1634 4376 L.
1665 4316 1772 4380 VI.
1803 4319 1875 4380 ed
1896 4317 2016 4400 Bip.
2036 4339 2090 4401 p.
2113 4319 2187 4381 26
2199 4341 2250 4404 ς.

377 4416 512 4496 ssia
527 4416 723 4483 restius
735 4439 804 4481 ex
816 4413 1001 4484 codd.
1028 4416 1231 4488 etedd.
1442 4440 1471 4506 5
1521 4422 1787 4495 Invenit,
1831 4421 1930 4485 subi
1959 4425 2155 4488 timens
2184 4427 2252 4491 δι
