2809 5234
273 833 346 908 370
493 808 575 881 au
624 751 1065 888 Aurauruos:x

319 968 401 1039 ibid.
422 997 484 1036 vem
505 974 609 1054 scium
630 966 760 1038 Frustra
781 968 985 1054 Palmarius,
1001 973 1069 1040 cuix
1085 969 1269 1042 accedun't·

274 1061 434 1152 Guyetus
462 1079 497 1131 et
519 1061 696 1144 Dacieria,
714 1064 857 1145 coniecit
880 1091 941 1128 uera
953 1071 1034 1148 fiam.
1052 1061 1171 1132 Verus
1188 1066 1262 1136 elle

273 1153 382 1245 potest
399 1171 491 1242 pater
516 1158 641 1236 mimo,
665 1157 817 1243 quamvis
841 1177 909 1221 non
932 1174 1047 1225 nutura
1068 1154 1115 1224 su.
1137 1155 1261 1229 verus

273 1243 1004 1410 dllplnillldlisfinlblldloliliteerbedulupffiburd
1026 1266 1122 1408 1:³⁸qu
1140 1273 1263 1412 'Vnog

273 1390 362 1500 redd
383 1362 551 1517 quitipho
586 1427 767 1517 suspicatus
807 1426 917 1498 fuisset
943 1480 956 1514 ,
994 1427 1030 1500 se
1067 1389 1263 1506 subditdm.

272 1519 385 1594 Bentl.
407 1545 487 1592 vero
513 1520 584 1610 post
601 1522 678 1590 illos
696 1544 755 1608 pro
770 1519 909 1590 libidine
923 1524 1065 1592 correxit
1087 1532 1237 1611 verificae
1246 1554 1264 1618 3

243 1651 249 1664 ·
271 1639 336 1684 nec
358 1617 533 1697 meminit,
560 1620 593 1681 δι
619 1611 810 1683 adverbium
827 1611 867 1681 fic
885 1616 981 1706 iungi
1001 1613 1089 1682 Eun.
1111 1612 1189 1700 lll,
1210 1641 1261 1712 5,

274 1707 317 1802 58
331 1732 388 1773 tum
397 1713 447 1794 pol
459 1735 505 1796 ego
515 1716 541 1773 is
549 1711 624 1792 effem
636 1734 714 1780 vere,
732 1713 780 1793 qui
786 1712 946 1791 fimulubur.
961 1704 1132 1777 Tacemus
1147 1711 1263 1797 plura.

318 1826 349 1886 p.
374 1798 413 1865 18
427 1799 485 1867 lin.
502 1822 545 1865 10.
559 1804 652 1864 ullum.
667 1795 721 1865 Sic
735 1798 847 1887 plures
871 1796 949 1866 ΜΠ.
972 1805 1005 1869 &
1016 1795 1089 1867 edd.
1104 1800 1262 1887 priscae,

204 1972 206 1977 Ι
270 1891 440 1979 inquibus
460 1889 567 1959 nostra
582 1911 591 1957 :
607 1890 751 1977 denique
770 1888 880 1959 Bentl.
895 1891 1021 1960 mavult
1033 1911 1141 1978 'quam
1156 1897 1259 1989 vulg.

272 2010 365 2049 uuum.
384 1982 426 2050 cf.
448 1981 556 2051 Andr.
577 1980 608 2064 l,
626 2003 665 2074 5,
686 2005 738 2048 22.
755 1980 842 2049 Eun.
857 1981 889 2062 l,
906 1980 990 2064 ab

317 2061 380 2142 lin!
393 2096 443 2141 ιι.
468 2102 505 2140 au
531 2103 585 2140 moa
608 2081 724 2141 aradis?
748 2071 870 2143 Parcus
891 2096 933 2143 ex
951 2071 1021 2143 Ms.
1046 2071 1118 2142 Pal.
1145 2076 1259 2148 edidit

271 2173 331 2232 ab!
353 2194 408 2231 mom
428 2174 540 2232 credis?
569 2167 659 2254 quod
683 2165 817 2255 quidem
847 2166 942 2234 nobis
966 2166 1074 2254 aptius
1096 2168 1260 2246 videtur,

271 2282 371 2348 quam
383 2283 458 2326 cum
473 2256 565 2326 Don.
580 2258 752 2326 subaudire
767 2279 777 2326 ε
792 2284 833 2322 me
846 2262 938 2342 irasci.

316 2351 373 2417 lin.
388 2371 437 2442 15.
456 2359 602 2438 quidquam
615 2351 722 2440 vulgo
737 2349 926 2431 omittitur,
942 2346 1031 2438 quod
1042 2347 1257 2423 restituimus

270 2441 406 2510 iubente
437 2461 544 2510 metro
573 2466 616 2509 ex
640 2438 716 2508 Mff.
742 2438 935 2529 quibusdam
959 2467 1008 2530 ap.
1035 2441 1256 2516 Westerbov.

268 2541 303 2602 δι
317 2532 368 2600 ed.
392 2533 499 2601 nostra
514 2553 650 2619 vetere3
670 2530 707 2600 δι’
718 2529 759 2599 src
775 2530 848 2602 Cic.
867 2531 952 2600 Phil.
969 2534 984 2601 l
999 2581 1010 2615 ,
1026 2555 1052 2600 11
1073 2561 1107 2598 me
1129 2546 1257 2624 grauium

267 2633 409 2712 quippiam
431 2634 528 2692 dicum.

314 2740 389 2807 pag.
406 2739 448 2782 20
464 2718 519 2783 lin.
536 2739 558 2783 1.
571 2719 720 2803 deseruiffa.
735 2714 829 2802 Alii,
846 2715 929 2785 teste
944 2719 1009 2784 iam
1024 2712 1183 2802 Donato,
1198 2718 1253 2789 le·'

267 2808 392 2898 gebant
420 2809 507 2877 male
530 2813 683 2894 desaeviffm

314 2925 345 2988 p.
363 2923 401 2967 21
419 2900 476 2967 lin.
499 2924 532 2985 4.
559 2910 732 2989 Quamquam
744 2907 779 2988 ejl
786 2904 852 2986 scel.
875 2898 935 2970 Al.
952 2895 1061 2967 Codd.
1080 2899 1133 2969 ed.
1148 2927 1254 2974 anon.

267 2989 396 3062 Tarvifi
412 2999 444 3060 δι
459 2991 565 3060 nostra
581 3017 607 3059 c.
623 2992 705 3084 figg.
728 3002 902 3080 Quamquam
913 2999 952 3077 fit
961 2995 989 3075 fi

313 3086 369 3152 lin.
378 3093 406 3152 6.
418 3082 464 3172 sq.
475 3093 600 3150 Mcorum
611 3112 721 3151 morum.
734 3084 826 3153 Mur.
836 3083 963 3153 mavult
977 3082 1020 3151 ob
1032 3103 1179 3154 metrum
1191 3118 1251 3156 mo·

266 3204 324 3243 rum
338 3183 441 3257 merim,
455 3177 542 3263 quod
557 3177 674 3263 probat
686 3175 736 3244 Fr.
753 3176 779 3245 F
782 3177 847 3244 abr.
865 3185 894 3243 δι
911 3174 1056 3263 sequitur
1071 3174 1252 3251 Dacieria.

311 3295 343 3356 p.
360 3293 401 3334 22
418 3270 473 3334 lin.
488 3291 518 3356 9.
533 3266 610 3334 Alii
625 3267 711 3335 male
726 3270 870 3359 iungunt
879 3275 1053 3356 praestremue.

313 3362 369 3427 lin.
390 3382 441 3429 11.
458 3358 518 3426 Al.
533 3361 694 3426 omittunt
709 3383 760 3434 tu,
777 3359 867 3448 quod
884 3358 930 3426 est
946 3364 979 3426 in
994 3357 1061 3427 Mi
1077 3356 1171 3453 Reg.
1191 3390 1248 3454 ap.

264 3451 441 3521 Lindenbr.
452 3457 484 3518 δι
498 3453 618 3519 rationi
634 3455 788 3519 metricae
803 3449 913 3522 versus
928 3452 1094 3519 convenit.

311 3569 341 3632 p.
367 3568 407 3634 23
430 3545 486 3610 lin.
512 3566 545 3634 7.
564 3547 695 3627 miserum.
709 3543 790 3612 lude
814 3562 903 3613 certe
923 3543 964 3609 ab
986 3539 1122 3611 Erasmo
1143 3544 1248 3638 vulg.

263 3643 403 3724 iudignum
412 3665 426 3716 ;
441 3635 532 3724 quod
546 3638 580 3702 in
596 3632 704 3702 Codd.
720 3635 827 3712 abest,
849 3637 907 3728 qui
923 3634 1091 3725 plerique,
1107 3653 1148 3703 ut
1166 3638 1248 3706 edd.

262 3748 395 3799 veteres
410 3727 552 3794 nostrum
567 3725 697 3796 habent.

309 3820 367 3887 lln.
380 3821 410 3888 8.
424 3827 467 3885 iai
477 3825 619 3904 miserium.
629 3818 682 3889 Sic
695 3818 816 3892 vetusti
827 3816 936 3890 Codd.
951 3817 1064 3886 &libri
1078 3823 1112 3885 ὃ(
1123 3814 1249 3904 Bentl-

213 3969 216 3974 .
261 3909 323 3981 Al.
338 3917 485 3997 deimisero
504 3921 580 3977 milii.

308 4032 339 4093 p.
357 4031 400 4090 24
416 4007 471 4070 lin.
489 4025 538 4086 14.
554 4011 620 4079 heic.
631 4000 691 4070 Al.
708 4001 817 4072 Codd.
832 4027 882 4090 ap.
899 4000 1059 4073 Westerb.
1071 4007 1104 4068 δι
1120 3999 1250 4073 Boecl.

261 4096 313 4165 ed.
329 4105 408 4186 1469
424 4091 595 4182 nostraque
611 4114 708 4164 vetus
722 4105 792 4178 loc,
805 4094 894 4182 quod
910 4093 1031 4163 Rivius
1042 4093 1163 4162 laudat.

189 4249 191 4253 ’
258 4285 292 4347 u
306 4183 980 4370 lulli‘vllgtl'sszll‘zitssjl
994 4186 1247 4367 ῗὲῑῗῖἷιῗζῖἰὲ

259 4390 322 4442 etc.
341 4372 398 4442 sed
419 4393 548 4461 praeter
570 4393 724 4442 metrum.
