2809 5234
2378 996 2607 1048 xxxin

684 1130 969 1219 tentius,
1010 1130 1175 1205 Afer
1213 1129 1459 1229 patria,
1497 1128 1583 1203 de
1620 1151 1763 1226 quo
1806 1155 1985 1205 nunc
2023 1129 2383 1227 loquimur.
2460 1136 2606 1210 Sci-

682 1230 904 1330 pionis
930 1227 1177 1305 fabulas
1198 1228 1466 1304 edidisse
1485 1226 1872 1303 Terentium
1891 1281 1915 1320 ,
1941 1229 2210 1327 Valgius
2229 1231 2303 1306 in
2328 1233 2610 1309 Actaeo·

684 1353 766 1400 ne
805 1329 932 1400 ait:
1015 1368 1022 1373 -

687 1485 835 1554 Hae
885 1504 1044 1575 quae
1095 1497 1401 1550 vocantur
1419 1475 1684 1569 fabulae
1701 1531 1725 1568 ,
1762 1477 1929 1552 cteiu’
1953 1479 2174 1572 fiant?

686 1585 843 1651 Non
878 1582 1040 1660 has,
1074 1576 1189 1671 qui
1234 1576 1368 1645 iura
1405 1581 1663 1670 populis
1712 1593 1728 1625 ¹
1768 1605 1970 1649 recens
2014 1581 2256 1668 dabat,

686 1680 953 1748 Honore
979 1676 1223 1766 summo
1262 1668 1557 1771 afflflus,
1586 1672 1753 1765 fecit
1779 1676 2108 1767 fabulas?

690 1825 888 1896 Duae
909 1822 993 1896 ab
1019 1820 1441 1917 Apollodoro
1469 1821 1813 1893 translatae
1852 1818 1984 1894 effe
2018 1820 2335 1895 dicuntur
2371 1822 2612 1897 Comi-

693 1946 808 2008 co,
829 1920 1145 1994 Phormio
1163 1972 1185 2007 ,
1207 1940 1273 1991 et
1301 1919 1607 2016 Hecyra:
1641 1936 1927 2014 quatuor
1958 1920 2249 2015 reliquae
2277 1945 2313 1991 a
2338 1924 2610 1996 Menan·

694 2019 846 2092 dro:
877 2044 961 2091 ex

984 2017 1226 2115 quibus
1250 2040 1499 2115 magno
1524 2014 1815 2089 successu
1841 2035 1907 2090 et
1938 2016 2155 2111 pretio
2182 2016 2354 2091 stetit
2379 2022 2610 2095 Eunu-

687 2116 846 2192 chus
871 2113 1115 2192 fabula.
1157 2115 1438 2214 Hecyra
1466 2112 1654 2212 saepe
1688 2113 1986 2205 exclusa,
2014 2112 2131 2189 vix
2155 2115 2293 2188 acia
2318 2115 2434 2190 est.

776 2486 1105 2565 Addimus
1146 2484 1533 2584 probatiora
1567 2484 1893 2580 quaedam
1926 2498 2228 2561 veterum
2263 2482 2510 2564 iudicia

1426 2584 1510 2656 de
1548 2587 1852 2657 Terentio,

785 2742 1131 2817 CICERO
1165 2746 1239 2814 1...
1264 2745 1392 2813 Vll
1439 2767 1544 2838 ep.
1593 2768 1623 2836 3
1677 2744 1760 2817 ad
1810 2742 2128 2818 Atticum.
2166 2747 2441 2820 Secutus
2468 2745 2609 2821 sum

687 2841 1105 2954 serentium,
1131 2840 1313 2912 cuius
1335 2838 1607 2913 fabellae
1634 2864 1913 2936 propter
1936 2842 2324 2940 elegantiam
2356 2844 2611 2917 sermo-

688 2966 791 3013 ms
841 2939 1238 3036 putabantur
1292 2961 1331 3008 a
1390 2935 1615 3008 Laelio
1669 2937 1879 3011 scribi.
1930 2942 2011 3033 ‚Q

2016 2940 2210 3014 uaest.
2253 2941 2455 3018 Tusc.
2504 2945 2612 3017 ΠΙ.

688 3037 899 3112 Multa
941 3036 1297 3111 Terentius
1335 3060 1375 3108 e
1423 3033 1837 3132 philosophia
1895 3035 2136 3115 sumfit.

849 3192 1203 3279 VARRO,
1240 3191 1649 3263 Parmenone.
1704 3186 2053 3263 Nonius
2079 3189 2146 3260 in
2176 3192 2465 3284 poscere:
2576 3147 2580 3152 ’

786 3391 866 3462 In
909 3386 1304 3486 argumentis
1339 3384 1669 3459 Caecilius
1699 3384 1915 3482 poscit
1953 3384 2236 3485 palmam
2252 3408 2278 3471 ;
2309 3381 2383 3458 in
2409 3381 2608 3468 ethefi

689 3487 1041 3563 Terentius
1056 3538 1084 3577 ‚
1113 3485 1187 3558 in
1223 3483 1639 3559 sermonibus
1670 3484 1983 3560 Plautuss
2440 3498 2447 3503 “

777 3737 803 3779 ι
816 3716 989 3801 Vulg.
1001 3714 1114 3779 sine
1133 3713 1284 3779 sensu
1303 3719 1559 3802 reeenfin-

686 3800 846 3859 tibus.
869 3798 981 3860 Sed
999 3800 1222 3860 Veneta
1238 3797 1318 3860 111
1341 3798 1558 3861 Dianae

687 3879 815 3959 legit
829 3879 1231 3958 recensi-entibus
1241 3879 1422 3942 dabat.
1435 3879 1557 3940 Un-

692 3958 765 4019 de
802 3975 986 4036 patet,
1005 3957 1254 4038 primitus
1284 3957 1442 4020 fuisse
1472 3981 1556 4020 re-

685 4036 1560 4200 :5231223333522‘333352325

688 4203 851 4263 tibus.
903 4198 1015 4261 Sed
1049 4221 1226 4262 recens
1265 4201 1319 4263 h.
1353 4201 1393 4263 l.
1435 4199 1513 4262 est
1532 4246 1555 4275 ,

690 4304 860 4366 quem
892 4283 1081 4345 Livius
1112 4283 1249 4345 dixit
1276 4281 1453 4356 XXI,
1484 4303 1554 4366 5²

689 4364 908 4425 recentis
921 4364 1123 4443 animi,
1145 4366 1411 4438 fervidus,
1423 4385 1554 4425 nec·

691 4445 829 4511 dum
846 4447 1077 4530 negotiis
1097 4448 1331 4532 publicis
1362 4447 1554 4532 fatiga-

1732 3736 1822 3782 tus
1837 3764 1856 3794 ,
1892 3716 1985 3798 qui
2020 3714 2270 3778 nondum
2302 3736 2336 3776 a
2377 3719 2607 3800 negotiis

1733 3802 1805 3860 ad
1848 3798 2085 3858 studium
2137 3819 2402 3859 revocare
2457 3802 2605 3877 cupit

1732 3883 1979 3941 animum
2009 3880 2056 3954 ;'
2085 3880 2232 3941 idem
2312 3900 2343 3938 e
2393 3880 2606 3939 honore

1733 3961 1978 4046 gaudens
1993 4007 2014 4034 ,
2052 3981 2165 4042 quo
2289 3958 2533 4018 ciebatur
2568 3977 2605 4015 a

1733 4043 1971 4105 civibus.
2019 4042 2206 4124 ltaque
2237 4053 2451 4121 praeter
2482 4058 2602 4098 rem

1732 4123 2109 4204 Lindenbrog.
2160 4142 2229 4182 ex
2278 4116 2404 4178 MS.
2448 4116 2604 4179 Dan.

1731 4206 1897 4266 edidit
1909 4203 2136 4264 fractam
2161 4198 2454 4261 lefflonem
2467 4200 2603 4258 ead'·

1729 4286 1868 4345 ibus.
1905 4284 2157 4345 Erasmus
2203 4279 2441 4340 coniecit
2475 4302 2603 4341 con-

1717 4368 1900 4448 ficltus
1915 4388 1942 4439 ;
1984 4363 2070 4422 alii
2123 4377 2319 4422 contra
2359 4379 2598 4424 metrum

1727 4445 1928 4509 dedere
1946 4444 2269 4528 petentibus.
2303 4444 2555 4507 Grattius.
2588 4505 2599 4522 ,

2178 4551 2219 4607 0
