2809 5234
1119 1011 1147 1075 r

176 1163 330 1264 itemque
350 1190 451 1238 uuum
472 1157 628 1251 Velleii,
653 1159 693 1234 δι
721 1165 785 1232 duo
805 1154 988 1244 Terentii;
1010 1180 1148 1257 praete·

175 1286 303 1360 reaque
323 1263 403 1354 illi,
428 1263 489 1362 qui
509 1257 657 1334 Sallustii
678 1256 794 1331 nostra
819 1255 972 1330 editione
999 1256 1065 1329 iam
1091 1260 1147 1334 di·

101 1416 109 1431 .
175 1357 294 1432 strada
322 1359 490 1435 accessere
518 1358 620 1432 nobis
647 1356 751 1431 amici
769 1354 921 1453 aliique,
941 1355 1149 1453 propediem

176 1456 352 1536 habebunt
380 1457 572 1532 editionem
597 1451 782 1536 secundam
807 1479 816 1525 ε
841 1467 946 1552 atque
970 1452 1054 1528 haec
1080 1454 1149 1532 XII

175 1555 357 1631 volumina
394 1551 536 1629 maioris
567 1552 733 1644 moduli,
768 1549 933 1650 pleraque
969 1551 1148 1626 literarum

176 1653 294 1725 XXlll
306 1651 427 1728 seriem
446 1651 662 1752 exsuperant.
676 1655 730 1725 lta
746 1649 850 1723 etiam
863 1647 964 1749 plura
976 1649 1148 1746 dedimus,

177 1774 284 1848 quam
308 1750 370 1844 hi,
396 1776 547 1849 quorum
577 1749 670 1848 negli
692 1748 819 1822 entiam
851 1744 1015 1824 aemulari
1042 1747 1147 1821 nolu-

177 1873 265 1944 mus.
295 1848 477 1946 Accipient
500 1872 589 1923 vero
609 1773 719 1940 modii
738 1845 809 1922 hoc'
828 1843 902 1956 ipso
929 1846 968 1924 &
994 1862 1147 1924 venturo

177 1970 271 2021 anno
291 1948 428 2025 anobis
454 1949 614 2023 Ciceronis
634 1968 744 2042 opera
761 1967 898 2032 omnia,
914 1943 1009 2042 typis
1025 1968 1148 2017 recen·

177 2044 298 2136 tibus,
319 2070 409 2145 quos
429 2067 539 2144 nuper
560 2068 580 2118 a
603 2041 831 2117 celeberrimo
857 2039 1046 2118 formarum
1063 2042 1148 2116 arti-

149 2177 158 2193 ·
177 2141 244 2218 fiee
261 2142 447 2237 Parisienfi,
462 2141 682 2231 Fournierio,
702 2137 979 2237 comparavimus
989 2194 1003 2229 ,
1019 2139 1148 2215 inoffi-

176 2241 254 2319 cina
264 2265 359 2315 nora
373 2239 618 2338 nostra,quam
631 2255 805 2315 annuente
821 2235 1036 2312 Sereuiffimo
1048 2236 1147 2336 Prin·¹

179 2337 256 2436 cipe
266 2338 386 2412 nostro
407 2337 634 2422 instituimus,
652 2357 692 2410 ae
720 2360 763 2409 ue
777 2334 952 2434 eleganter
971 2336 1012 2407 δι
1027 2354 1146 2425 curate

178 2435 223 2508 ad
245 2437 395 2609 optimas
412 2435 582 2516 editiones
595 2361 828 2512 exscribenda.
847 2450 883 2507 et
902 2431 1149 2528 decredimus,

179 2556 245 2603 nos
275 2531 488 2610 atisfatturos
506 2531 573 2606 effe
594 2531 766 2607 omnibus.
785 2533 920 2608 Verum
940 2556 984 2607 ne
1004 2531 1041 2604 in
1059 2557 1147 2630 pro-

179 2627 264 2725 logo
280 2629 432 2728 longiori
454 2654 596 2726 operam
617 2629 820 2720 abutamur,
841 2655 945 2729 quarn
967 2629 1003 2702 in
1020 2656 1147 2709 curan-

179 2725 232 2801 dis
257 2724 337 2824 ipsis
358 2726 707 2824 eustonbus.ponere
730 2729 852 2803 melius
871 2727 933 2815 sst;
981 2754 1022 2801 ro
1045 2729 1148 2805 nobis

179 2824 268 2898 dicta
292 2821 505 2899 adsciscimus
523 2880 536 2914 ,
554 2847 644 2924 quae
670 2826 728 2900 vir
748 2827 902 2903 eruditus
933 2754 1018 2898 oiim
1037 2828 1075 2901 δι
1091 2827 1148 2898 di·

178 2920 289 3021 ligens
319 2921 598 3014 1.1.Reiskius,
630 2923 726 2999 Prof.
754 2921 956 3021 Lipsiensis,
984 2924 1149 3017 meliori,

179 3020 264 3094 dum
298 3021 462 3114 viveret,
489 3019 630 3125 sortupa
667 3021 823 3119 dignus,
853 3019 890 3091 in
931 3019 1149 3119 praefatione

179 3119 363 3196 Theocriti
390 3145 445 3193 an.
467 3120 715 3220 elopomxv
745 3119 850 3209 editi,
878 3117 921 3196 de
947 3117 1083 3215 vulgari
1110 3119 1149 3192 in

180 3218 382 3306 Germania,
400 3241 509 3315 eaque
527 3215 712 3290 miserabili
728 3217 884 3293 sudores
895 3214 1019 3293 edendi
1038 3216 1148 3288 ratio·

180 3338 226 3386 ne
248 3313 417 3392 verissime
438 3314 602 3391 monuit:
622 3319 694 3390 Sed
708 3319 840 3391 dedecus
861 3314 1008 3418 eflbuius
1019 3314 1123 3406 seculi
1133 3331 1151 3410 ,·

181 3416 217 3482 in
242 3415 389 3487 battare
412 3416 600 3506 literarum,
626 3417 664 3489 in
689 3417 750 3487 boo
776 3415 1034 3487 bibliothecarum
1063 3440 1148 3507 opu·

179 3514 305 3600 sentia,
323 3511 595 3603 tranferendum,
609 3509 666 3618 effe
682 3510 1045 3602 inhominibusdor‘sis,
1067 3538 1148 3610 quo-

180 3638 251 3682 rum
272 3615 376 3704 pudet
394 3615 544 3707 pigetque
572 3612 756 3711 ignaviae,
786 3614 872 3706 qui,
895 3637 966 3686 cum
993 3611 1148 3685 aeriorem

182 3712 322 3800 aliquem
340 3731 469 3803 cererem
491 3711 582 3801 typis
606 3734 755 3781 renotare
778 3714 899 3796 velint,
913 3709 1101 3802 praesertim
1111 3707 1151 3806 st

182 3805 257 3893 quis
287 3800 392 3871 adbuc
413 3803 455 3892 est
473 3807 674 3899 corruptior,
698 3806 876 3897 cuiusmodi
893 3806 977 3902 fieret
997 3809 1034 3881 itt
1053 3830 1148 3884 reru·

175 3899 239 4004 stis
260 3890 526 3968 euboribes‘non
544 3901 642 3992 peiuri
659 3898 792 3988 ,etiam
811 3905 1000 3974 creberrimis
1015 3908 1149 4003 quidam

185 3995 379 4067 editionibus
396 3997 526 4065 contriti
540 3991 659 4089 (quod
672 4001 734 4068 trix
739 4000 838 4088 fidem
853 4004 999 4073 inveniat
1013 3999 1054 4096 ),
1080 4025 1151 4068 rum

184 4097 366 4186 exemplum
392 4097 460 4164 eius
483 4095 620 4190 aliquod
646 4098 837 4185 triobolare,
856 4102 1016 4194 degenere
1036 4095 1150 4196 riliffi·

185 4220 259 4280 mo,
286 4190 571 4292 mendofiffimum,
596 4194 685 4287 quod
702 4192 772 4290 fibi
793 4197 893 4286 petire
914 4199 1024 4263 animo
1036 4190 1149 4280 ferant
1238 4275 1244 4287 ‚

184 4288 389 4388 eequiffimo‚
422 4294 556 4362 tradant
580 4293 683 4385 operis
712 4294 929 4380 imitandum,
961 4286 1149 4362 &mende-

184 4415 255 4460 nem
268 4414 271 4421 ·
284 4391 587 4485 typographicorum
626 4393 841 4462 elimationem
878 4392 981 4461 amito
1021 4391 1154 4463 cuidam

177 4486 264 4583 fico,
285 4491 394 4564 iurerti
414 4491 505 4562 baud
523 4487 717 4595 dossiffirno,
737 4513 795 4561 eut
820 4489 1011 4600 mercenario
1029 4486 1149 4586 [πνοὰ

908 4610 976 4692 ²¹²
1181 4634 1272 4806 Ι
