2809 5234
307 554 375 624 ¹74
563 528 1030 613 urrunnun
1109 476 1171 533 ³

303 693 387 765 Rern
407 687 627 788 praenarrasse
647 712 713 765 me.
736 690 817 766 emit
830 690 994 790 quendam
1011 689 1171 773 Phaedria

301 816 527 908 Eunuchum,
549 837 650 915 quem
671 815 775 909 ⁸dono
803 814 879 890 huic
911 817 1014 893 daret.
1048 821 1088 894 L.
1116 817 1196 892 cui?
1227 823 1272 898 P.

468 937 600 1013 main.
791 918 795 925 ’

302 1067 340 1138 L.
355 1062 471 1137 Emit?
487 1062 572 1161 perii
586 1061 712 1152 hercle,
730 1062 846 1162 quanti
865 1076 875 1111 ¹
891 1062 958 1137 dP.
970 1061 1091 1161 viginti
1104 1065 1213 1141 minis.

205 1182 217 1209 '
299 1193 338 1262 L.
358 1190 478 1262 ddum
498 1186 554 1261 est
575 1189 616 1260 P.
636 1186 709 1259 nim
728 1184 1084 1286 quandamyfidicinam
1108 1211 1194 1266 amat
1213 1193 1270 1268 hic

224 1298 236 1317 ’
470 1310 631 1383 Chaerea.
1220 1343 1259 1416 ¹5
1327 1329 1332 1343 ·

300 1434 338 1509 L.
353 1436 438 1507 Hem
454 1432 463 1509 Ξ
478 1433 587 1534 quid?
604 1431 721 1507 amat?
743 1457 785 1506 an
803 1433 862 1510 scit
878 1434 945 1511 iam
963 1437 1039 1529 ine,
1055 1437 1138 1538 quid
1156 1464 1269 1515 mere-

470 1559 536 1633 trix
555 1560 635 1633 fiet?

299 1687 355 1756 An
369 1682 403 1755 in
420 1681 490 1757 astu
504 1683 598 1758 venit
612 1683 626 1754 d
639 1681 729 1757 aliud
745 1706 787 1755 ex
802 1680 870 1753 alio
884 1681 1018 1755 malum.

299 1810 340 1884 P.
355 1811 463 1899 Here,
485 1828 527 1882 ne
545 1833 600 1882 me
619 1807 743 1908 spedes
760 1822 798 1881 ²:
818 1832 873 1882 me
893 1805 1069 1904 impulsore
1087 1806 1169 1883 haec
1189 1833 1264 1884 non

468 1931 559 2006 facit.

296 2063 334 2133 L.
351 2055 481 2131 Omitte
501 2055 717 2131 detedicere.
738 2080 803 2156 ego
816 2074 870 2145 te,
883 2054 1042 2147 furcifer,

295 2184 329 2254 Si
337 2179 501 2256 vivo.·sed
513 2179 613 2270 istuc,
629 2182 791 2280 quidquid
801 2180 867 2271 est,
880 2160 1025 2278 primum
1038 2180 1156 2278 expedi
1174 2195 1201 2254 3.
1215 2207 1263 2255 20

296 2308 336 2378 P.
357 2309 388 2377 Is
409 2329 473 2401 pro
491 2304 550 2376 illo
567 2307 731 2377 Eunucho
744 2306 788 2379 ad
804 2294 968 2379 Thaidem
983 2308 1141 2381 dedudus
1156 2306 1213 2380 est.

297 2433 333 2503 L.
355 2431 421 2501 Pro
448 2429 676 2502 Eunuchon’?
702 2432 745 2504 P.
767 2429 812 2505 fic
834 2429 892 2505 est.
917 2431 1005 2507 hunc
1026 2456 1090 2530 pro
1113 2431 1262 2505 moecho

463 2552 577 2649 postea

293 2677 589 2774 Comprehendere
609 2677 715 2770 intus,
728 2696 760 2751 et
778 2676 1014 2752 constrinxere.
1032 2681 1070 2748 1μ
1085 2677 1207 2750 occidi.

294 2805 334 2874 P.
355 2801 538 2913 Αιῐάαςίεηι4
555 2803 887 2900 meretricumspeda
904 2817 930 2876 4.
951 2807 989 2874 L.
1013 2802 1174 2901 numquid
1189 2801 1237 2874 est
1321 2850 1323 2857 ·

292 2927 391 2999 Aliud
405 2927 482 2999 mali
494 2975 506 3010 ‚
520 2926 699 3018 damnive,
715 2931 808 3027 quod
823 2954 893 3002 non
912 2929 1052 3017 dixeris,
1131 3022 1133 3025 Ι
1213 2951 1256 3024 25

292 3052 499 3149 Reliquum?
518 3057 557 3124 P.
576 3071 701 3125 tantum
721 3053 779 3130 est
796 3058 832 3128 L.
850 3053 972 3129 ceffon’
984 3055 1051 3127 huc
1073 3038 1259 3126 introrurn·
1306 3104 1308 3107 .

462 3176 571 3273 pere?

291 3360 364 3423 urse
383 3364 575 3443 praemuniat,
596 3362 741 3438 ordinem,
844 3359 947 3440 3Bene
967 3356 1060 3422 differt
1076 3359 1156 3423 senex
1177 3368 1259 3444 pun}-

289 3471 351 3514 enrc
367 3454 393 3515 se
409 3455 575 3531 excusando,
587 3476 671 3537 quarn
682 3475 742 3516 rem
801 3454 904 3514 tionem
933 3451 1023 3527 servi,
1045 3456 1089 3515 cui
1106 3476 1141 3515 ex
1158 3459 1258 3535 nuptus

291 3548 448 3606 narraverit.
717 3599 719 3604 .
803 3549 888 3630 gratia
909 3549 970 3608 erit.
1000 3547 1034 3610 Et
1051 3570 1163 3631 uterque
1184 3547 1258 3608 sefri-

335 3639 434 3701 uSenis
448 3643 683 3723 curamagisinre
695 3639 741 3700 fa·
800 3658 866 3700 nant
884 3646 1042 3703 narrationis
1061 3644 1165 3718 finem,
1183 3643 1256 3703 unde

289 3739 384 3799 miliari
395 3738 528 3814 versatur,
537 3761 621 3820 quam
631 3742 660 3800 in
666 3739 750 3817 filio·¹
802 3741 906 3800 exitum
921 3741 1034 3821 repedet
1046 3739 1145 3798 subula.

286 3857 349 3894 rum
370 3834 501 3895 moribus.
839 3833 946 3905 411u1u
959 3831 1027 3890 senis
1042 3832 1071 3889 in
1081 3831 1257 3894 meretricem

329 3948 345 3984 2
359 3927 484 3986 Alterum
496 3927 593 3986 noxiae
600 3926 740 3999 indicium,
799 3940 924 3985 averrere
944 3920 1040 3983 studet.

287 4020 362 4095 quod
378 4041 429 4082 nee
446 4020 515 4104 fugit
528 4017 630 4084 senem.
915 4018 918 4025 ’
