<?xml version="1.0" encoding="UTF-8"?>
<!DOCTYPE html PUBLIC "-//W3C//DTD XHTML 1.0 Transitional//EN"
    "http://www.w3.org/TR/xhtml1/DTD/xhtml1-transitional.dtd">
<html xmlns="http://www.w3.org/1999/xhtml" xml:lang="en" lang="en">
 <head>
  <title>
</title>
<meta http-equiv="Content-Type" content="text/html;charset=utf-8" />
  <meta name='ocr-system' content='tesseract 3.04.00' />
  <meta name='ocr-capabilities' content='ocr_page ocr_carea ocr_par ocr_line ocrx_word'/>
</head>
<body>
  <div class='ocr_page' id='page_1' title='image "./publiiterentiia00teregoog_0708.png"; bbox 0 0 2809 5234; ppageno 0'>
   <div class='ocr_carea' id='block_1_1' title="bbox 172 748 1209 1584">
    <p class='ocr_par' dir='ltr' id='par_1_1' title="bbox 205 748 933 888">
     <span class='ocr_line' id='line_1_1' title="bbox 205 748 933 888; baseline -0.059 1"><span class='ocrx_word' id='word_1_1' title='bbox 205 800 281 888; x_wconf 74' lang='lat'>³5⁴</span> <span class='ocrx_word' id='word_1_2' title='bbox 373 748 375 752; x_wconf 63' lang='grc'><strong>’</strong></span> <span class='ocrx_word' id='word_1_3' title='bbox 447 782 487 858; x_wconf 77' lang='lat'>1³.</span> <span class='ocrx_word' id='word_1_4' title='bbox 540 772 933 857; x_wconf 71' lang='lat' dir='ltr'>turcum</span> 
     </span>
    </p>

    <p class='ocr_par' dir='ltr' id='par_1_2' title="bbox 204 934 1209 1141">
     <span class='ocr_line' id='line_1_2' title="bbox 204 934 1209 1045; baseline -0.021 -20"><span class='ocrx_word' id='word_1_5' title='bbox 204 953 249 1026; x_wconf 80' lang='lat' dir='ltr'>ln</span> <span class='ocrx_word' id='word_1_6' title='bbox 265 972 303 1022; x_wconf 90' lang='lat' dir='ltr'>re</span> <span class='ocrx_word' id='word_1_7' title='bbox 326 943 399 1045; x_wconf 74' lang='lat' dir='ltr'>ipsc</span> <span class='ocrx_word' id='word_1_8' title='bbox 417 941 642 1018; x_wconf 74' lang='lat' dir='ltr'><strong>invenimus:</strong></span> <span class='ocrx_word' id='word_1_9' title='bbox 665 961 776 1038; x_wconf 89' lang='lat' dir='ltr'>porro</span> <span class='ocrx_word' id='word_1_10' title='bbox 796 938 885 1012; x_wconf 78' lang='lat' dir='ltr'>huuc</span> <span class='ocrx_word' id='word_1_11' title='bbox 904 957 999 1009; x_wconf 88' lang='lat' dir='ltr'>nunc</span> <span class='ocrx_word' id='word_1_12' title='bbox 1023 934 1209 1034; x_wconf 59' lang='lat' dir='ltr'>emperia„⁸</span> 
     </span>
     <span class='ocr_line' id='line_1_3' title="bbox 405 1062 670 1141; baseline -0.023 0"><span class='ocrx_word' id='word_1_13' title='bbox 405 1093 484 1141; x_wconf 88' lang='lat' dir='ltr'>mur</span> <span class='ocrx_word' id='word_1_14' title='bbox 504 1085 528 1140; x_wconf 90' lang='lat'>¹.</span> <span class='ocrx_word' id='word_1_15' title='bbox 545 1089 625 1138; x_wconf 85' lang='lat' dir='ltr'>nam</span> <span class='ocrx_word' id='word_1_16' title='bbox 644 1062 670 1135; x_wconf 85' lang='lat' dir='ltr'>fi</span> 
     </span>
    </p>

    <p class='ocr_par' dir='ltr' id='par_1_3' title="bbox 207 1202 1207 1319">
     <span class='ocr_line' id='line_1_4' title="bbox 207 1202 1207 1319; baseline -0.02 -20"><span class='ocrx_word' id='word_1_17' title='bbox 207 1214 433 1319; x_wconf 82' lang='lat' dir='ltr'>Compererit</span> <span class='ocrx_word' id='word_1_18' title='bbox 459 1211 598 1289; x_wconf 84' lang='lat' dir='ltr'>crimini</span> <span class='ocrx_word' id='word_1_19' title='bbox 624 1229 686 1284; x_wconf 86' lang='lat' dir='ltr'>tua</span> <span class='ocrx_word' id='word_1_20' title='bbox 703 1205 738 1282; x_wconf 85' lang='lat' dir='ltr'>se</span> <span class='ocrx_word' id='word_1_21' title='bbox 764 1204 853 1280; x_wconf 81' lang='lat' dir='ltr'>falso</span> <span class='ocrx_word' id='word_1_22' title='bbox 873 1227 965 1278; x_wconf 87' lang='lat' dir='ltr'>uxor</span> <span class='ocrx_word' id='word_1_23' title='bbox 984 1202 1207 1299; x_wconf 66' lang='lat' dir='ltr'>credidisseg</span> 
     </span>
    </p>

    <p class='ocr_par' dir='ltr' id='par_1_4' title="bbox 172 1348 1205 1440">
     <span class='ocr_line' id='line_1_5' title="bbox 172 1348 1205 1440; baseline -0.014 1"><span class='ocrx_word' id='word_1_24' title='bbox 172 1348 174 1353; x_wconf 32' lang='lat'>⁵</span> <span class='ocrx_word' id='word_1_25' title='bbox 207 1363 343 1440; x_wconf 75' lang='lat' dir='ltr'>Midam</span> <span class='ocrx_word' id='word_1_26' title='bbox 368 1362 456 1436; x_wconf 85' lang='lat' dir='ltr'>iram</span> <span class='ocrx_word' id='word_1_27' title='bbox 481 1361 585 1435; x_wconf 82' lang='lat' dir='ltr'>faciet</span> <span class='ocrx_word' id='word_1_28' title='bbox 606 1387 616 1433; x_wconf 77' lang='lat' dir='ltr'><em>z</em></span> <span class='ocrx_word' id='word_1_29' title='bbox 640 1359 692 1432; x_wconf 84' lang='lat' dir='ltr'>fin</span> <span class='ocrx_word' id='word_1_30' title='bbox 720 1374 838 1430; x_wconf 90' lang='lat' dir='ltr'>autem</span> <span class='ocrx_word' id='word_1_31' title='bbox 864 1350 913 1427; x_wconf 87' lang='lat' dir='ltr'>est</span> <span class='ocrx_word' id='word_1_32' title='bbox 933 1349 983 1424; x_wconf 91' lang='lat' dir='ltr'>ob</span> <span class='ocrx_word' id='word_1_33' title='bbox 1013 1375 1097 1424; x_wconf 90' lang='lat' dir='ltr'>eam</span> <span class='ocrx_word' id='word_1_34' title='bbox 1120 1378 1205 1427; x_wconf 88' lang='lat' dir='ltr'>rem</span> 
     </span>
    </p>

    <p class='ocr_par' dir='ltr' id='par_1_5' title="bbox 399 1485 681 1584">
     <span class='ocr_line' id='line_1_6' title="bbox 399 1485 681 1584; baseline -0.011 -26"><span class='ocrx_word' id='word_1_35' title='bbox 399 1485 506 1558; x_wconf 88' lang='lat' dir='ltr'>iratus</span> <span class='ocrx_word' id='word_1_36' title='bbox 532 1499 681 1584; x_wconf 82' lang='lat' dir='ltr'>gnatus,</span> 
     </span>
    </p>
   </div>
   <div class='ocr_carea' id='block_1_2' title="bbox 206 1617 1201 1842">
    <p class='ocr_par' dir='ltr' id='par_1_6' title="bbox 206 1617 1201 1842">
     <span class='ocr_line' id='line_1_7' title="bbox 206 1617 1201 1738; baseline -0.011 -32"><span class='ocrx_word' id='word_1_37' title='bbox 206 1635 320 1738; x_wconf 65' lang='lat' dir='ltr'>[Quod</span> <span class='ocrx_word' id='word_1_38' title='bbox 336 1632 475 1732; x_wconf 88' lang='lat' dir='ltr'>peperit</span> <span class='ocrx_word' id='word_1_39' title='bbox 496 1654 588 1704; x_wconf 86' lang='lat' dir='ltr'>uxor</span> <span class='ocrx_word' id='word_1_40' title='bbox 604 1627 723 1718; x_wconf 81' lang='lat' dir='ltr'>clem,</span> <span class='ocrx_word' id='word_1_41' title='bbox 742 1625 779 1701; x_wconf 92' lang='lat' dir='ltr'>id</span> <span class='ocrx_word' id='word_1_42' title='bbox 798 1623 876 1698; x_wconf 86' lang='lat' dir='ltr'>leve</span> <span class='ocrx_word' id='word_1_43' title='bbox 891 1617 963 1737; x_wconf 62' lang='lat' dir='ltr'>estc</span> <span class='ocrx_word' id='word_1_44' title='bbox 983 1619 1057 1693; x_wconf 87' lang='lat' dir='ltr'>cito</span> <span class='ocrx_word' id='word_1_45' title='bbox 1074 1619 1126 1692; x_wconf 85' lang='lat' dir='ltr'>ab</span> <span class='ocrx_word' id='word_1_46' title='bbox 1152 1647 1201 1695; x_wconf 89' lang='lat' dir='ltr'>eo</span> 
     </span>
     <span class='ocr_line' id='line_1_8' title="bbox 404 1743 1194 1842; baseline -0.011 -17"><span class='ocrx_word' id='word_1_47' title='bbox 404 1751 490 1824; x_wconf 85' lang='lat' dir='ltr'>haec</span> <span class='ocrx_word' id='word_1_48' title='bbox 509 1750 560 1822; x_wconf 87' lang='lat' dir='ltr'>ira</span> <span class='ocrx_word' id='word_1_49' title='bbox 583 1743 751 1820; x_wconf 86' lang='lat' dir='ltr'>abscedet.</span> <span class='ocrx_word' id='word_1_50' title='bbox 1150 1765 1194 1842; x_wconf 85' lang='lat'>15</span> 
     </span>
    </p>
   </div>
   <div class='ocr_carea' id='block_1_3' title="bbox 176 1891 1199 2120">
    <p class='ocr_par' dir='ltr' id='par_1_7' title="bbox 176 1891 1199 2120">
     <span class='ocr_line' id='line_1_9' title="bbox 209 1891 1199 1994; baseline -0.005 -19"><span class='ocrx_word' id='word_1_51' title='bbox 209 1896 372 1975; x_wconf 68' lang='lat' dir='ltr'>Profecto</span> <span class='ocrx_word' id='word_1_52' title='bbox 390 1897 566 1971; x_wconf 84' lang='lat' dir='ltr'>inhaere</span> <span class='ocrx_word' id='word_1_53' title='bbox 586 1895 675 1968; x_wconf 89' lang='lat' dir='ltr'>nihil</span> <span class='ocrx_word' id='word_1_54' title='bbox 694 1893 777 1970; x_wconf 85' lang='lat' dir='ltr'>mali</span> <span class='ocrx_word' id='word_1_55' title='bbox 791 1892 859 1988; x_wconf 87' lang='lat' dir='ltr'>cst,</span> <span class='ocrx_word' id='word_1_56' title='bbox 872 1892 969 1994; x_wconf 92' lang='lat' dir='ltr'>quod</span> <span class='ocrx_word' id='word_1_57' title='bbox 980 1891 1021 1966; x_wconf 82' lang='lat' dir='ltr'>fit</span> <span class='ocrx_word' id='word_1_58' title='bbox 1040 1892 1199 1970; x_wconf 84' lang='lat' dir='ltr'>discidio</span> 
     </span>
     <span class='ocr_line' id='line_1_10' title="bbox 176 2020 557 2120; baseline 0.003 -25"><span class='ocrx_word' id='word_1_59' title='bbox 176 2064 179 2072; x_wconf 90' lang='lat'>·</span> <span class='ocrx_word' id='word_1_60' title='bbox 402 2020 557 2120; x_wconf 86' lang='lat' dir='ltr'>dignum.</span> 
     </span>
    </p>
   </div>
   <div class='ocr_carea' id='block_1_4' title="bbox 119 2167 1200 2391">
    <p class='ocr_par' dir='ltr' id='par_1_8' title="bbox 119 2167 1200 2404">
     <span class='ocr_line' id='line_1_11' title="bbox 119 2167 1200 2269; baseline 0.005 -26"><span class='ocrx_word' id='word_1_61' title='bbox 119 2186 122 2193; x_wconf 87' lang='lat'>&#39;</span> <span class='ocrx_word' id='word_1_62' title='bbox 209 2167 255 2248; x_wconf 76' lang='lat' dir='ltr'>P.</span> <span class='ocrx_word' id='word_1_63' title='bbox 281 2170 399 2245; x_wconf 88' lang='lat' dir='ltr'>Velim</span> <span class='ocrx_word' id='word_1_64' title='bbox 430 2169 573 2269; x_wconf 90' lang='lat' dir='ltr'>quidem</span> <span class='ocrx_word' id='word_1_65' title='bbox 598 2167 718 2243; x_wconf 89' lang='lat' dir='ltr'>hercle</span> <span class='ocrx_word' id='word_1_66' title='bbox 738 2184 765 2243; x_wconf 80' lang='lat'>².</span> <span class='ocrx_word' id='word_1_67' title='bbox 785 2171 824 2243; x_wconf 85' lang='lat' dir='ltr'>L.</span> <span class='ocrx_word' id='word_1_68' title='bbox 851 2167 995 2268; x_wconf 87' lang='lat' dir='ltr'>exquire</span> <span class='ocrx_word' id='word_1_69' title='bbox 1014 2169 1141 2244; x_wconf 84' lang='lat' dir='ltr'>:adest</span> <span class='ocrx_word' id='word_1_70' title='bbox 1160 2191 1200 2248; x_wconf 79' lang='lat'>³:</span> 
     </span>
     <span class='ocr_line' id='line_1_12' title="bbox 358 2285 923 2391; baseline -0.002 -28"><span class='ocrx_word' id='word_1_71' title='bbox 358 2300 362 2314; x_wconf 87' lang='lat'><em>&#39;</em></span> <span class='ocrx_word' id='word_1_72' title='bbox 411 2288 510 2391; x_wconf 91' lang='lat' dir='ltr'>quod</span> <span class='ocrx_word' id='word_1_73' title='bbox 529 2285 606 2364; x_wconf 84' lang='lat' dir='ltr'>satis</span> <span class='ocrx_word' id='word_1_74' title='bbox 625 2287 689 2380; x_wconf 71' lang='lat' dir='ltr'>sut,</span> <span class='ocrx_word' id='word_1_75' title='bbox 713 2285 816 2362; x_wconf 84' lang='lat' dir='ltr'>faciet</span> <span class='ocrx_word' id='word_1_76' title='bbox 840 2286 923 2386; x_wconf 81' lang='lat' dir='ltr'>ipsa.</span> 
     </span>
    </p>
   </div>
   <div class='ocr_carea' id='block_1_5' title="bbox 159 2433 1197 2565">
    <p class='ocr_par' dir='ltr' id='par_1_9' title="bbox 159 2433 1197 2565">
     <span class='ocr_line' id='line_1_13' title="bbox 159 2433 1197 2565; baseline -0.004 -50"><span class='ocrx_word' id='word_1_77' title='bbox 159 2488 164 2565; x_wconf 28' lang='grc' dir='ltr'>ζ</span> <span class='ocrx_word' id='word_1_78' title='bbox 210 2444 262 2521; x_wconf 68' lang='lat' dir='ltr'>P.</span> <span class='ocrx_word' id='word_1_79' title='bbox 282 2442 379 2538; x_wconf 87' lang='lat' dir='ltr'>Quid</span> <span class='ocrx_word' id='word_1_80' title='bbox 399 2439 486 2514; x_wconf 88' lang='lat' dir='ltr'>mihi</span> <span class='ocrx_word' id='word_1_81' title='bbox 508 2436 609 2512; x_wconf 81' lang='lat' dir='ltr'>istaec</span> <span class='ocrx_word' id='word_1_82' title='bbox 640 2461 757 2510; x_wconf 86' lang='lat' dir='ltr'>narras</span> <span class='ocrx_word' id='word_1_83' title='bbox 773 2436 815 2512; x_wconf 77' lang='lat'>⁴?</span> <span class='ocrx_word' id='word_1_84' title='bbox 840 2463 884 2511; x_wconf 91' lang='lat' dir='ltr'>an</span> <span class='ocrx_word' id='word_1_85' title='bbox 905 2433 987 2538; x_wconf 77' lang='lat' dir='ltr'>quit</span> <span class='ocrx_word' id='word_1_86' title='bbox 1013 2460 1090 2523; x_wconf 77' lang='lat' dir='ltr'>uon</span> <span class='ocrx_word' id='word_1_87' title='bbox 1115 2455 1197 2511; x_wconf 89' lang='lat' dir='ltr'>tute</span> 
     </span>
    </p>
   </div>
   <div class='ocr_carea' id='block_1_6' title="bbox 409 2557 795 2660">
    <p class='ocr_par' dir='ltr' id='par_1_10' title="bbox 409 2557 795 2660">
     <span class='ocr_line' id='line_1_14' title="bbox 409 2557 795 2660; baseline -0.005 -26"><span class='ocrx_word' id='word_1_88' title='bbox 409 2561 480 2660; x_wconf 91' lang='lat' dir='ltr'>ipse</span> <span class='ocrx_word' id='word_1_89' title='bbox 495 2559 629 2633; x_wconf 91' lang='lat' dir='ltr'>dudum</span> <span class='ocrx_word' id='word_1_90' title='bbox 647 2557 795 2652; x_wconf 82' lang='lat' dir='ltr'>audisti,</span> 
     </span>
    </p>
   </div>
   <div class='ocr_carea' id='block_1_7' title="bbox 127 2799 668 4371">
    <p class='ocr_par' dir='ltr' id='par_1_11' title="bbox 127 2799 668 4371">
     <span class='ocr_line' id='line_1_15' title="bbox 213 2799 659 2888; baseline -0.027 -16"><span class='ocrx_word' id='word_1_91' title='bbox 213 2807 333 2872; x_wconf 76' lang='lat' dir='ltr'>sumitur</span> <span class='ocrx_word' id='word_1_92' title='bbox 340 2824 395 2888; x_wconf 84' lang='lat' dir='ltr'>pro</span> <span class='ocrx_word' id='word_1_93' title='bbox 395 2799 659 2886; x_wconf 73' lang='lat' dir='ltr'>ficspicatas,suspi-</span> 
     </span>
     <span class='ocr_line' id='line_1_16' title="bbox 214 2905 662 2991; baseline -0.02 -17"><span class='ocrx_word' id='word_1_94' title='bbox 214 2915 336 2983; x_wconf 86' lang='lat' dir='ltr'>cientes,</span> <span class='ocrx_word' id='word_1_95' title='bbox 343 2929 426 2991; x_wconf 84' lang='lat' dir='ltr'>utap.</span> <span class='ocrx_word' id='word_1_96' title='bbox 435 2907 541 2968; x_wconf 80' lang='lat' dir='ltr'>Catum</span> <span class='ocrx_word' id='word_1_97' title='bbox 550 2905 662 2965; x_wconf 80' lang='lat' dir='ltr'>distich.</span> 
     </span>
     <span class='ocr_line' id='line_1_17' title="bbox 213 3006 660 3087; baseline -0.007 -18"><span class='ocrx_word' id='word_1_98' title='bbox 213 3006 284 3082; x_wconf 81' lang='lat' dir='ltr'>lv,</span> <span class='ocrx_word' id='word_1_99' title='bbox 305 3031 344 3082; x_wconf 84' lang='lat'>44</span> <span class='ocrx_word' id='word_1_100' title='bbox 357 3006 489 3087; x_wconf 70' lang='lat' dir='ltr'>ficspedlus</span> <span class='ocrx_word' id='word_1_101' title='bbox 508 3028 573 3066; x_wconf 78' lang='lat' dir='ltr'>cave</span> <span class='ocrx_word' id='word_1_102' title='bbox 585 3010 660 3087; x_wconf 83' lang='lat' dir='ltr'><em>fis·-</em></span> 
     </span>
     <span class='ocr_line' id='line_1_18' title="bbox 216 3111 662 3194; baseline -0.004 -18"><span class='ocrx_word' id='word_1_103' title='bbox 216 3136 278 3176; x_wconf 78' lang='lat' dir='ltr'>nam</span> <span class='ocrx_word' id='word_1_104' title='bbox 291 3113 390 3172; x_wconf 79' lang='lat' dir='ltr'>timidis</span> <span class='ocrx_word' id='word_1_105' title='bbox 406 3111 561 3193; x_wconf 64' lang='lat' dir='ltr'>&amp;fisspetlis</span> <span class='ocrx_word' id='word_1_106' title='bbox 576 3112 662 3194; x_wconf 65' lang='lat' dir='ltr'>apus-</span> 
     </span>
     <span class='ocr_line' id='line_1_19' title="bbox 127 3213 662 3299; baseline 0 -22"><span class='ocrx_word' id='word_1_107' title='bbox 127 3227 131 3234; x_wconf 83' lang='lat'>&#39;</span> <span class='ocrx_word' id='word_1_108' title='bbox 209 3219 280 3299; x_wconf 63' lang='lat' dir='ltr'>fimo</span> <span class='ocrx_word' id='word_1_109' title='bbox 291 3218 406 3298; x_wconf 72' lang='lat' dir='ltr'>monesi.</span> <span class='ocrx_word' id='word_1_110' title='bbox 422 3213 459 3276; x_wconf 84' lang='lat' dir='ltr'>cf.</span> <span class='ocrx_word' id='word_1_111' title='bbox 472 3214 549 3276; x_wconf 85' lang='lat' dir='ltr'>Hor.</span> <span class='ocrx_word' id='word_1_112' title='bbox 565 3216 662 3277; x_wconf 83' lang='lat' dir='ltr'>Carm.</span> 
     </span>
     <span class='ocr_line' id='line_1_20' title="bbox 218 3321 666 3406; baseline -0.004 -22"><span class='ocrx_word' id='word_1_113' title='bbox 218 3324 251 3395; x_wconf 83' lang='lat'>1,</span> <span class='ocrx_word' id='word_1_114' title='bbox 271 3345 327 3397; x_wconf 84' lang='lat'>17,</span> <span class='ocrx_word' id='word_1_115' title='bbox 344 3345 394 3398; x_wconf 81' lang='lat'>25·</span> <span class='ocrx_word' id='word_1_116' title='bbox 408 3321 569 3403; x_wconf 75' lang='lat' dir='ltr'>Suspicatus</span> <span class='ocrx_word' id='word_1_117' title='bbox 577 3325 666 3406; x_wconf 81' lang='lat' dir='ltr'>igitur</span> 
     </span>
     <span class='ocr_line' id='line_1_21' title="bbox 223 3426 666 3508; baseline -0.014 -17"><span class='ocrx_word' id='word_1_118' title='bbox 223 3430 296 3491; x_wconf 85' lang='lat' dir='ltr'>dixit</span> <span class='ocrx_word' id='word_1_119' title='bbox 319 3426 389 3489; x_wconf 76' lang='lat' dir='ltr'>falso</span> <span class='ocrx_word' id='word_1_120' title='bbox 414 3427 531 3487; x_wconf 80' lang='lat' dir='ltr'>mulieres</span> <span class='ocrx_word' id='word_1_121' title='bbox 547 3429 666 3508; x_wconf 79' lang='lat' dir='ltr'>nostras,</span> 
     </span>
     <span class='ocr_line' id='line_1_22' title="bbox 221 3531 665 3608; baseline -0.018 -13"><span class='ocrx_word' id='word_1_122' title='bbox 221 3533 253 3595; x_wconf 82' lang='lat' dir='ltr'>h.</span> <span class='ocrx_word' id='word_1_123' title='bbox 269 3555 294 3594; x_wconf 87' lang='lat' dir='ltr'>c.</span> <span class='ocrx_word' id='word_1_124' title='bbox 314 3533 498 3592; x_wconf 82' lang='lat' dir='ltr'>Philumenam</span> <span class='ocrx_word' id='word_1_125' title='bbox 519 3537 547 3588; x_wconf 76' lang='lat' dir='ltr'>dc</span> <span class='ocrx_word' id='word_1_126' title='bbox 565 3531 665 3608; x_wconf 76' lang='lat' dir='ltr'>Myrr-</span> 
     </span>
     <span class='ocr_line' id='line_1_23' title="bbox 220 3634 668 3724; baseline -0.004 -23"><span class='ocrx_word' id='word_1_127' title='bbox 220 3640 310 3700; x_wconf 68' lang='lat' dir='ltr'>uiuam</span> <span class='ocrx_word' id='word_1_128' title='bbox 322 3684 331 3712; x_wconf 95' lang='lat'>‚</span> <span class='ocrx_word' id='word_1_129' title='bbox 359 3660 428 3724; x_wconf 85' lang='lat' dir='ltr'>quas</span> <span class='ocrx_word' id='word_1_130' title='bbox 454 3635 565 3697; x_wconf 81' lang='lat' dir='ltr'>casdem</span> <span class='ocrx_word' id='word_1_131' title='bbox 584 3634 668 3700; x_wconf 76' lang='lat' dir='ltr'>scena</span> 
     </span>
     <span class='ocr_line' id='line_1_24' title="bbox 220 3744 665 3828; baseline 0 -25"><span class='ocrx_word' id='word_1_132' title='bbox 220 3745 316 3828; x_wconf 80' lang='lat' dir='ltr'>priori</span> <span class='ocrx_word' id='word_1_133' title='bbox 332 3745 403 3805; x_wconf 81' lang='lat' dir='ltr'>vers.</span> <span class='ocrx_word' id='word_1_134' title='bbox 414 3750 451 3804; x_wconf 84' lang='lat'>28</span> <span class='ocrx_word' id='word_1_135' title='bbox 461 3744 577 3804; x_wconf 81' lang='lat' dir='ltr'>mulieres</span> <span class='ocrx_word' id='word_1_136' title='bbox 585 3745 665 3804; x_wconf 85' lang='lat' dir='ltr'>dixe·</span> 
     </span>
     <span class='ocr_line' id='line_1_25' title="bbox 221 3850 665 3934; baseline -0.005 -20"><span class='ocrx_word' id='word_1_137' title='bbox 221 3871 282 3925; x_wconf 82' lang='lat' dir='ltr'>rat,</span> <span class='ocrx_word' id='word_1_138' title='bbox 297 3859 325 3911; x_wconf 75' lang='grc' dir='ltr'>δι</span> <span class='ocrx_word' id='word_1_139' title='bbox 348 3852 591 3934; x_wconf 84' lang='lat' dir='ltr'>quemadmodum</span> <span class='ocrx_word' id='word_1_140' title='bbox 611 3850 665 3912; x_wconf 82' lang='lat' dir='ltr'>hac</span> 
     </span>
     <span class='ocr_line' id='line_1_26' title="bbox 221 3958 666 4041; baseline -0.011 -19"><span class='ocrx_word' id='word_1_141' title='bbox 221 3959 260 4022; x_wconf 83' lang='lat' dir='ltr'>sc.</span> <span class='ocrx_word' id='word_1_142' title='bbox 272 3982 299 4019; x_wconf 84' lang='lat' dir='ltr'>v.</span> <span class='ocrx_word' id='word_1_143' title='bbox 308 3961 495 4040; x_wconf 77' lang='lat' dir='ltr'>4noflersocer.</span> <span class='ocrx_word' id='word_1_144' title='bbox 509 3958 599 4036; x_wconf 91' lang='lat' dir='ltr'>Quod</span> <span class='ocrx_word' id='word_1_145' title='bbox 609 3960 666 4041; x_wconf 81' lang='lat' dir='ltr'>igi·</span> 
     </span>
     <span class='ocr_line' id='line_1_27' title="bbox 223 4061 665 4149; baseline -0.002 -19"><span class='ocrx_word' id='word_1_146' title='bbox 223 4086 269 4130; x_wconf 76' lang='lat' dir='ltr'>tut</span> <span class='ocrx_word' id='word_1_147' title='bbox 290 4089 306 4128; x_wconf 83' lang='lat' dir='ltr'>a</span> <span class='ocrx_word' id='word_1_148' title='bbox 320 4066 393 4128; x_wconf 80' lang='lat' dir='ltr'>mala</span> <span class='ocrx_word' id='word_1_149' title='bbox 409 4061 500 4149; x_wconf 74' lang='lat' dir='ltr'>glossa</span> <span class='ocrx_word' id='word_1_150' title='bbox 512 4069 543 4126; x_wconf 87' lang='lat' dir='ltr'>in</span> <span class='ocrx_word' id='word_1_151' title='bbox 556 4089 665 4129; x_wconf 84' lang='lat' dir='ltr'>textum</span> 
     </span>
     <span class='ocr_line' id='line_1_28' title="bbox 220 4174 666 4260; baseline -0.002 -24"><span class='ocrx_word' id='word_1_152' title='bbox 220 4174 374 4257; x_wconf 82' lang='lat' dir='ltr'>irrepserat</span> <span class='ocrx_word' id='word_1_153' title='bbox 381 4177 472 4248; x_wconf 80' lang='lat' dir='ltr'>uobis,</span> <span class='ocrx_word' id='word_1_154' title='bbox 485 4177 573 4260; x_wconf 84' lang='lat' dir='ltr'>vulgo</span> <span class='ocrx_word' id='word_1_155' title='bbox 583 4200 666 4260; x_wconf 80' lang='lat' dir='ltr'>prae·</span> 
     </span>
     <span class='ocr_line' id='line_1_29' title="bbox 222 4279 666 4371; baseline 0.007 -26"><span class='ocrx_word' id='word_1_156' title='bbox 222 4279 337 4347; x_wconf 81' lang='lat' dir='ltr'>miffum</span> <span class='ocrx_word' id='word_1_157' title='bbox 354 4308 382 4349; x_wconf 82' lang='lat' dir='ltr'>v.</span> <span class='ocrx_word' id='word_1_158' title='bbox 395 4284 438 4371; x_wconf 88' lang='lat' dir='ltr'>sq.</span> <span class='ocrx_word' id='word_1_159' title='bbox 456 4288 532 4348; x_wconf 83' lang='lat' dir='ltr'>unde</span> <span class='ocrx_word' id='word_1_160' title='bbox 552 4286 600 4348; x_wconf 89' lang='lat' dir='ltr'>hic</span> <span class='ocrx_word' id='word_1_161' title='bbox 616 4306 666 4348; x_wconf 83' lang='lat' dir='ltr'>rc·</span> 
     </span>
    </p>
   </div>
   <div class='ocr_carea' id='block_1_8' title="bbox 703 2797 1198 2894">
    <p class='ocr_par' dir='ltr' id='par_1_12' title="bbox 703 2797 1198 2894">
     <span class='ocr_line' id='line_1_30' title="bbox 703 2797 1198 2894; baseline -0.002 -34"><span class='ocrx_word' id='word_1_162' title='bbox 703 2828 706 2833; x_wconf 90' lang='lat'><em>·</em></span> <span class='ocrx_word' id='word_1_163' title='bbox 744 2799 885 2861; x_wconf 78' lang='lat' dir='ltr'>dundabat</span> <span class='ocrx_word' id='word_1_164' title='bbox 895 2842 906 2870; x_wconf 90' lang='lat'><strong><em>,</em></strong></span> <span class='ocrx_word' id='word_1_165' title='bbox 924 2797 981 2859; x_wconf 85' lang='lat' dir='ltr'>huc</span> <span class='ocrx_word' id='word_1_166' title='bbox 1000 2799 1095 2880; x_wconf 84' lang='lat' dir='ltr'>magis</span> <span class='ocrx_word' id='word_1_167' title='bbox 1115 2797 1198 2894; x_wconf 66' lang='lat' dir='ltr'>dele-</span> 
     </span>
    </p>
   </div>
   <div class='ocr_carea' id='block_1_9' title="bbox 745 2903 1199 3293">
    <p class='ocr_par' dir='ltr' id='par_1_13' title="bbox 745 2903 1199 3293">
     <span class='ocr_line' id='line_1_31' title="bbox 746 2903 1198 2988; baseline 0.007 -23"><span class='ocrx_word' id='word_1_168' title='bbox 746 2925 831 2978; x_wconf 89' lang='lat' dir='ltr'>mus,</span> <span class='ocrx_word' id='word_1_169' title='bbox 844 2903 923 2988; x_wconf 83' lang='lat' dir='ltr'>quod</span> <span class='ocrx_word' id='word_1_170' title='bbox 936 2905 1022 2965; x_wconf 85' lang='lat' dir='ltr'>ctiam</span> <span class='ocrx_word' id='word_1_171' title='bbox 1037 2905 1123 2968; x_wconf 88' lang='lat' dir='ltr'><strong>Don.</strong></span> <span class='ocrx_word' id='word_1_172' title='bbox 1139 2929 1198 2968; x_wconf 88' lang='lat' dir='ltr'>no·</span> 
     </span>
     <span class='ocr_line' id='line_1_32' title="bbox 747 3004 1199 3082; baseline 0.02 -15"><span class='ocrx_word' id='word_1_173' title='bbox 747 3009 817 3068; x_wconf 83' lang='lat' dir='ltr'>strae</span> <span class='ocrx_word' id='word_1_174' title='bbox 827 3004 981 3067; x_wconf 83' lang='lat' dir='ltr'>sententiae</span> <span class='ocrx_word' id='word_1_175' title='bbox 989 3007 1079 3082; x_wconf 81' lang='lat' dir='ltr'>favet,</span> <span class='ocrx_word' id='word_1_176' title='bbox 1091 3020 1122 3072; x_wconf 89' lang='lat'>&amp;</span> <span class='ocrx_word' id='word_1_177' title='bbox 1132 3033 1199 3075; x_wconf 87' lang='lat' dir='ltr'>cum</span> 
     </span>
     <span class='ocr_line' id='line_1_33' title="bbox 745 3115 1197 3202; baseline 0.011 -27"><span class='ocrx_word' id='word_1_178' title='bbox 745 3134 848 3176; x_wconf 83' lang='lat' dir='ltr'>vocem</span> <span class='ocrx_word' id='word_1_179' title='bbox 864 3115 993 3197; x_wconf 70' lang='lat' dir='ltr'>ficspeclm</span> <span class='ocrx_word' id='word_1_180' title='bbox 1024 3117 1197 3202; x_wconf 81' lang='lat' dir='ltr'>ambiguam</span> 
     </span>
     <span class='ocr_line' id='line_1_34' title="bbox 747 3212 1198 3293; baseline 0.013 -16"><span class='ocrx_word' id='word_1_181' title='bbox 747 3213 802 3278; x_wconf 82' lang='lat' dir='ltr'>eise</span> <span class='ocrx_word' id='word_1_182' title='bbox 822 3212 952 3293; x_wconf 75' lang='lat' dir='ltr'>dixisset,</span> <span class='ocrx_word' id='word_1_183' title='bbox 973 3218 1075 3280; x_wconf 84' lang='lat' dir='ltr'>addit:</span> <span class='ocrx_word' id='word_1_184' title='bbox 1102 3225 1198 3285; x_wconf 74' lang='lat' dir='ltr'><em>Nobis</em></span> 
     </span>
    </p>
   </div>
   <div class='ocr_carea' id='block_1_10' title="bbox 750 3323 1202 3508">
    <p class='ocr_par' dir='ltr' id='par_1_14' title="bbox 750 3323 1202 3508">
     <span class='ocr_line' id='line_1_35' title="bbox 750 3323 1202 3413; baseline 0.02 -30"><span class='ocrx_word' id='word_1_185' title='bbox 750 3342 797 3384; x_wconf 83' lang='lat' dir='ltr'>aut</span> <span class='ocrx_word' id='word_1_186' title='bbox 818 3324 959 3397; x_wconf 83' lang='lat' dir='ltr'>abundat,</span> <span class='ocrx_word' id='word_1_187' title='bbox 978 3323 1070 3387; x_wconf 82' lang='lat' dir='ltr'>Lcum</span> <span class='ocrx_word' id='word_1_188' title='bbox 1082 3330 1202 3413; x_wconf 69' lang='lat' dir='ltr'>molestia</span> 
     </span>
     <span class='ocr_line' id='line_1_36' title="bbox 750 3423 990 3508; baseline 0 -23"><span class='ocrx_word' id='word_1_189' title='bbox 750 3429 833 3508; x_wconf 70' lang='lat' dir='ltr'>nostra</span> <span class='ocrx_word' id='word_1_190' title='bbox 845 3423 990 3507; x_wconf 78' lang='lat' dir='ltr'>fignificat.</span> 
     </span>
    </p>
   </div>
   <div class='ocr_carea' id='block_1_11' title="bbox 753 3525 1204 3700">
    <p class='ocr_par' dir='ltr' id='par_1_15' title="bbox 753 3525 1204 3700">
     <span class='ocr_line' id='line_1_37' title="bbox 794 3525 1204 3615; baseline 0.01 -28"><span class='ocrx_word' id='word_1_191' title='bbox 794 3547 806 3587; x_wconf 86' lang='lat' dir='ltr'>r</span> <span class='ocrx_word' id='word_1_192' title='bbox 833 3525 853 3587; x_wconf 74' lang='grc' dir='ltr'>ί</span> <span class='ocrx_word' id='word_1_193' title='bbox 867 3527 951 3588; x_wconf 80' lang='lat' dir='ltr'>huius</span> <span class='ocrx_word' id='word_1_194' title='bbox 969 3549 1047 3590; x_wconf 90' lang='lat' dir='ltr'>nunc</span> <span class='ocrx_word' id='word_1_195' title='bbox 1059 3553 1154 3614; x_wconf 77' lang='lat' dir='ltr'>opera</span> <span class='ocrx_word' id='word_1_196' title='bbox 1165 3556 1204 3615; x_wconf 80' lang='lat' dir='ltr'>u-</span> 
     </span>
     <span class='ocr_line' id='line_1_38' title="bbox 753 3655 854 3700; baseline -0.01 0"><span class='ocrx_word' id='word_1_197' title='bbox 753 3655 854 3700; x_wconf 62' lang='lat' dir='ltr'>tamur·</span> 
     </span>
    </p>
   </div>
   <div class='ocr_carea' id='block_1_12' title="bbox 750 3738 1207 4251">
    <p class='ocr_par' dir='ltr' id='par_1_16' title="bbox 790 3738 1173 3815">
     <span class='ocr_line' id='line_1_39' title="bbox 790 3738 1173 3815; baseline 0.013 -8"><span class='ocrx_word' id='word_1_198' title='bbox 790 3768 806 3807; x_wconf 82' lang='lat'><em>2</em></span> <span class='ocrx_word' id='word_1_199' title='bbox 821 3743 936 3807; x_wconf 82' lang='lat' dir='ltr'>Falsum</span> <span class='ocrx_word' id='word_1_200' title='bbox 949 3738 1030 3807; x_wconf 64' lang='lat' dir='ltr'>fluide</span> <span class='ocrx_word' id='word_1_201' title='bbox 1044 3748 1173 3815; x_wconf 85' lang='lat' dir='ltr'>crimen.</span> 
     </span>
    </p>

    <p class='ocr_par' dir='ltr' id='par_1_17' title="bbox 790 3850 1132 3932">
     <span class='ocr_line' id='line_1_40' title="bbox 790 3850 1132 3932; baseline -0.006 -18"><span class='ocrx_word' id='word_1_202' title='bbox 790 3873 805 3932; x_wconf 84' lang='lat'>3</span> <span class='ocrx_word' id='word_1_203' title='bbox 825 3851 895 3914; x_wconf 75' lang='lat' dir='ltr'>scit</span> <span class='ocrx_word' id='word_1_204' title='bbox 919 3850 1046 3915; x_wconf 81' lang='lat' dir='ltr'>Bacchis.</span> <span class='ocrx_word' id='word_1_205' title='bbox 1124 3877 1132 3890; x_wconf 58' lang='lat'><strong><em>²</em></strong></span> 
     </span>
    </p>

    <p class='ocr_par' dir='ltr' id='par_1_18' title="bbox 750 3957 1207 4251">
     <span class='ocr_line' id='line_1_41' title="bbox 791 3957 1205 4045; baseline -0.002 -26"><span class='ocrx_word' id='word_1_206' title='bbox 791 3984 811 4033; x_wconf 78' lang='lat'>4</span> <span class='ocrx_word' id='word_1_207' title='bbox 827 3958 910 4020; x_wconf 86' lang='lat' dir='ltr'>Phid.</span> <span class='ocrx_word' id='word_1_208' title='bbox 925 3963 982 4020; x_wconf 86' lang='lat' dir='ltr'>iam</span> <span class='ocrx_word' id='word_1_209' title='bbox 995 3957 1062 4022; x_wconf 79' lang='lat' dir='ltr'>satis</span> <span class='ocrx_word' id='word_1_210' title='bbox 1079 3964 1205 4045; x_wconf 66' lang='lat' dir='ltr'>persua.</span> 
     </span>
     <span class='ocr_line' id='line_1_42' title="bbox 752 4065 1207 4152; baseline 0 -24"><span class='ocrx_word' id='word_1_211' title='bbox 752 4065 797 4128; x_wconf 85' lang='lat' dir='ltr'>sus</span> <span class='ocrx_word' id='word_1_212' title='bbox 812 4068 975 4152; x_wconf 82' lang='lat' dir='ltr'>acquiescit,</span> <span class='ocrx_word' id='word_1_213' title='bbox 984 4091 1016 4130; x_wconf 78' lang='lat' dir='ltr'>ac</span> <span class='ocrx_word' id='word_1_214' title='bbox 1023 4070 1120 4132; x_wconf 86' lang='lat' dir='ltr'>denuo</span> <span class='ocrx_word' id='word_1_215' title='bbox 1131 4097 1207 4140; x_wconf 71' lang='lat' dir='ltr'>con.</span> 
     </span>
     <span class='ocr_line' id='line_1_43' title="bbox 750 4175 1205 4251; baseline 0.024 -14"><span class='ocrx_word' id='word_1_216' title='bbox 750 4175 859 4251; x_wconf 77' lang='lat' dir='ltr'>firmat,</span> <span class='ocrx_word' id='word_1_217' title='bbox 876 4201 991 4241; x_wconf 83' lang='lat' dir='ltr'>manere</span> <span class='ocrx_word' id='word_1_218' title='bbox 1009 4180 1082 4242; x_wconf 83' lang='lat' dir='ltr'>hanc</span> <span class='ocrx_word' id='word_1_219' title='bbox 1097 4185 1205 4248; x_wconf 85' lang='lat' dir='ltr'>affini-</span> 
     </span>
    </p>
   </div>
   <div class='ocr_carea' id='block_1_13' title="bbox 752 4287 1169 4368">
    <p class='ocr_par' dir='ltr' id='par_1_19' title="bbox 752 4287 1169 4368">
     <span class='ocr_line' id='line_1_44' title="bbox 752 4287 1169 4368; baseline 0.019 -21"><span class='ocrx_word' id='word_1_220' title='bbox 752 4287 1169 4368; x_wconf 74' lang='lat' dir='ltr'>utemperpeeuamseveue.</span> 
     </span>
    </p>
   </div>
   <div class='ocr_carea' id='block_1_14' title="bbox 0 0 1428 5234">
    <p class='ocr_par' dir='ltr' id='par_1_20' title="bbox 0 0 1428 5234">
     <span class='ocr_line' id='line_1_45' title="bbox 0 0 1428 5234; baseline 0 0"><span class='ocrx_word' id='word_1_221' title='bbox 0 0 1428 5234; x_wconf 95' lang='lat' dir='ltr'> </span> 
     </span>
    </p>
   </div>
  </div>
 </body>
</html>
