2809 5234
207 853 213 864 -
287 790 358 880 „2
557 804 597 875 n
655 799 1008 874 rrrrNT1

283 968 340 1039 Sic
347 966 535 1041 circumiri.
547 971 586 1039 C.
598 967 634 1037 id
649 990 728 1038 cum
743 965 812 1035 hoc
821 962 962 1058 agebam
977 963 1222 1059 commodum
1251 979 1281 1044 ¹.'

288 1092 334 1160 G.
363 1089 451 1161 Nam
479 1088 597 1159 hercle
628 1111 695 1182 ego
729 1108 873 1181 quoque
900 1085 934 1155 id
958 1084 1102 1181 quidem
1127 1087 1278 1183 agitans

473 1234 610 1281 mecum
634 1206 780 1293 sedulo,
1229 1232 1278 1279 10

284 1330 436 1419 Inveni,
457 1331 613 1427 opinor,
632 1328 823 1400 remedium
853 1325 934 1399 huic
964 1325 1013 1396 rei
1034 1342 1059 1398 2.
1087 1332 1122 1399 C.
1153 1329 1278 1425 quid,

480 1456 572 1524 Geta
589 1460 625 1525 ⁵?

287 1585 332 1651 D.
348 1577 460 1669 Quod
477 1576 701 1647 remedium?
738 1578 780 1645 G.
801 1590 841 1644 ut
864 1571 932 1644 abii
953 1571 1086 1656 abste,
1106 1568 1150 1642 fit
1167 1570 1273 1647 forte

478 1700 620 1772 obviam

253 1904 256 1911 ,
281 1823 372 1895 Mihi
394 1823 575 1895 Phormio.
608 1827 648 1896 C.
675 1824 736 1921 qui
764 1822 931 1894 Phormio
963 1824 1007 1893 ⁴?
1040 1826 1079 1891 G.
1108 1819 1172 1911 is,
1200 1823 1268 1920 qui

477 1945 608 2018 isthanc
626 1967 650 2019 r.
672 1950 711 2018 C.
734 1944 818 2018 scio.

284 2077 325 2142 G.
354 2067 474 2142 Visum
495 2069 545 2141 est
567 2071 640 2159 mi,
665 2070 795 2142 utrius
818 2087 988 2139 tentarem
1011 2063 1236 2142 sententiam.

281 2192 420 2264 Prendo
435 2190 615 2263 hominem
630 2190 753 2262 solum.
789 2214 846 2258 cur
859 2215 949 2278 non,
965 2187 1130 2316 inqmm,
1148 2192 1265 2261 Phor·

481 2317 579 2402 mm

1216 2337 1256 2412 ¹5

282 2443 406 2543 Vides,
426 2442 511 2508 inm
525 2437 638 2536 vosfic
650 2441 726 2508 daec
741 2443 854 2532 potius
872 2465 943 2508 cum
964 2441 1050 2507 bona

283 2569 333 2633 Ur
352 2588 587 2655 componantur
598 2567 729 2657 gratia,
747 2590 845 2656 quam
862 2591 933 2632 cum
956 2565 1043 2632 mala
1061 2571 1075 2608 ⁶
1091 2563 1110 2630 ?

280 2688 383 2758 Heru'
400 2692 541 2757 liberalis
561 2691 626 2789 est,
647 2713 676 2757 er
711 2693 846 2786 agitans
872 2692 979 2757 litium
1008 2705 1054 2754 7:

278 2814 371 2881 Num
397 2816 487 2882 ceteri
510 2817 636 2906 quidem
657 2817 755 2885 hercle
776 2814 873 2882 amici
904 2837 1012 2880 omnes
1037 2812 1134 2880 modo

278 3046 347 3083 mor
366 3025 401 3084 ad
421 3024 576 3084 Chremem
600 3045 723 3082 conver-

278 3126 324 3186 sus
348 3127 423 3188 sista
443 3130 606 3210 improbat!
629 3128 664 3186 Et
689 3126 724 3184 fic

277 3226 359 3287 senes
371 3228 432 3310 ipse
445 3231 586 3301 circumit,
596 3249 625 3287 rrr
635 3228 723 3288 fidum

277 3340 402 3408 credant.

320 3467 332 3504 1
353 3446 423 3507 h.l.
447 3449 537 3505 modo
552 3492 563 3517 ,
580 3445 637 3504 hoc
658 3445 723 3526 ipso

278 3556 466 3634 tempore3cf.
480 3558 554 3617 Eun.
569 3557 597 3615 II
607 3578 638 3632 ,3
656 3603 663 3628 ,
676 3580 687 3630 5
700 3579 723 3616 r.

319 3679 333 3712 2
366 3648 467 3718 Astirre
494 3661 597 3722 inescat
627 3661 719 3724 senes.

276 3760 430 3821 Sollennia
442 3785 512 3822 vero
532 3767 596 3828 sunt
609 3772 721 3841 hercle·-

275 3871 403 3947 quidem,
418 3891 464 3950 ego
484 3895 602 3953 quoquc,
627 3896 657 3937 ut
677 3901 722 3960 ego

275 3997 347 4035 vero.

317 4103 331 4156 3
361 4084 486 4142 Aridior
507 4088 547 4143 est
568 4086 719 4150 Chremes.

316 4215 335 4261 4
346 4191 392 4249 De
400 4190 576 4252 Phormione
587 4198 716 4254 nondum

274 4294 303 4355 ei
314 4296 421 4359 dixerat
432 4297 537 4374 frarem
549 4301 616 4362 hinc
624 4323 716 4386 rogat.

848 3043 860 3096 5
886 3022 1024 3081 Disturus
1048 3040 1107 3079 erat
1126 3024 1255 3086 adduxit.

807 3128 863 3186 Sed
876 3127 945 3186 Chr.
962 3127 1010 3209 qui
1024 3124 1080 3184 iam
1097 3126 1255 3186 intellexe-

806 3251 867 3302 rat,
881 3229 1055 3312 interpellat.

848 3351 863 3399 6
879 3343 959 3399 Mala
976 3343 1063 3423 gratia
1076 3342 1150 3400 estvi
1166 3351 1194 3402 δι
1204 3345 1253 3401 in-

806 3447 914 3527 gratiis.

848 3577 865 3625 7
896 3556 996 3615 Astute
1021 3553 1165 3616 laudando
1187 3580 1251 3617 mo·

802 3684 849 3724 ner
871 3664 987 3738 herum,
1001 3683 1030 3723 ut
1043 3664 1138 3723 minus
1153 3663 1250 3726 bacin

804 3793 835 3831 re
855 3773 983 3830 intentus
1009 3770 1038 3831 iit
1057 3790 1197 3852 argento,
1221 3781 1250 3834 &

803 3878 886 3939 fimul
902 3880 933 3937 in
953 3897 1059 3937 merum
1081 3877 1115 3936 de
1133 3875 1184 3936 lite
1198 3877 1250 3939 fu·

804 4005 866 4044 tura
878 3987 973 4044 denuo
997 3985 1119 4045 deducit.
1132 3984 1206 4045 Mox
1221 3989 1250 4050 se

802 4089 871 4146 hcr'r
883 4087 963 4149 causa
983 4085 1148 4152 confinxisse
1160 4114 1249 4156 men-

800 4195 912 4258 dacium
933 4195 1051 4260 simulat.
