2809 5234
210 760 283 855 362
479 758 519 833 n.
567 755 965 853 nnnnn'ru

205 922 344 1019 Rogat,
355 920 448 996 unde
467 919 531 996 sn:
548 942 652 998 narro
667 918 786 1001 omnia
798 918 883 995 haec
898 944 909 993 ε
926 918 1011 993 inde
1036 916 1092 992 est
1111 933 1212 1020 cogi

409 1044 500 1119 nitio
522 1044 637 1137 ἱειὲὶα,ι
793 1016 799 1043 ’

210 1166 448 1241 Philumenam
462 1165 689 1264 compreffam
704 1164 771 1241 effe
781 1166 825 1241 ab
839 1190 909 1259 eo,
924 1183 960 1239 et
974 1162 1097 1239 filium
1120 1164 1213 1241 inde

410 1292 502 1365 hunc
524 1311 655 1364 natum.

212 1414 307 1490 Haec
325 1431 383 1487 tot
408 1434 552 1511 propter
575 1437 631 1485 me
646 1412 768 1511 gaudia
784 1412 837 1487 illi
857 1410 1039 1511 contigiffe
1056 1412 1210 1489 laetor:

209 1534 280 1611 Etfi
304 1535 375 1610 hoc
394 1535 593 1609 meretrices
614 1534 700 1607 aliae
715 1535 844 1611 nolunt
862 1561 873 1607 ε
891 1559 1010 1637 neque
1031 1534 1137 1607 enim
1153 1533 1207 1609 est

415 1659 452 1732 in
471 1682 544 1731 rem
567 1654 748 1747 nostram,

211 1783 261 1855 Ut
276 1778 462 1879 quisquam*
476 1795 613 1851 amator
628 1764 761 1879 nu'ptiin
783 1774 940 1851 laetetur.
959 1800 1091 1853 verum
1119 1802 1204 1851 eca-

416 1908 489 1984 stor
722 1984 727 1995 ,
1015 2011 1018 2017 Ι
1153 1930 1202 1981 20

210 2014 401 2138 Nunquam
428 2036 584 2110 animum
617 2032 749 2136 quaesti
773 2031 880 2137 gratia
897 2030 939 2104 ad
959 2028 1068 2104 malas
1090 2030 1199 2104 addu-

419 2186 495 2236 cam
521 2181 648 2261 partes.

213 2288 311 2385 Ego,
333 2283 420 2358 dum
442 2283 507 2357 illo
540 2283 672 2358 licitum
697 2280 769 2374 est,
788 2280 849 2359 usa
874 2280 948 2358 sum
976 2281 1137 2383 benigno
1160 2298 1199 2357 et

420 2404 567 2504 lepido,
587 2420 623 2478 et
643 2405 750 2484 comi.
769 2496 772 2501 Ι

214 2528 443 2603 Incommode
459 2526 544 2601 mihi
559 2529 690 2628 nuptiis
709 2530 831 2606 evenit
851 2548 889 2604 ¹:
912 2528 1040 2605 fanum
1058 2531 1198 2607 fateor:

218 2654 267 2726 At
290 2650 353 2751 pol
373 2677 430 2726 me
459 2653 575 2729 fecisse
593 2654 770 2749 arbitror,
794 2681 839 2730 ne
872 2655 908 2733 id
933 2657 1063 2731 merito
1112 2658 1199 2733 mihi

411 2778 569 2855 eveniret
588 2796 613 2854 ².

218 2897 330 2975 Multa
356 2923 401 2974 ex
423 2923 497 2998 qno
516 2898 648 2975 fuerint
664 2892 876 2994 commoda,
890 2900 965 2978 eius
991 2903 1197 2981 incommo-

307 3050 310 3057 ·
423 3025 498 3098 da³
524 3049 676 3125 aequom
701 3024 751 3098 est
772 3025 874 3103 ferre.
1108 3122 1111 3127 .
1153 3050 1197 3128 25

218 3233 280 3298 leae
292 3237 378 3310 istae,
393 3236 430 3296 nd
442 3233 579 3311 aliarum,
591 3258 667 3325 quae
750 3238 830 3302 dunt.
848 3238 911 3301 cic.
921 3238 1002 3301 Lael.
1016 3264 1044 3315 4.
1052 3240 1082 3302 h.
1097 3240 1119 3303 l.
1132 3243 1205 3306 Bac·

219 3345 378 3417 accedunt,
391 3361 540 3415 ornatum,
556 3343 664 3416 vestes,
747 3343 825 3403 chidi
849 3344 902 3405 inc.
922 3364 957 3403 ex
974 3346 1076 3426 nuptiis
1095 3348 1206 3428 evenit,

220 3446 664 3532 amum,gemmaslnsttandnst
748 3447 829 3535 quod
874 3467 939 3511 eam
984 3449 1131 3512 deserebat
1165 3471 1204 3511 a·

218 3556 327 3618 Melius
346 3579 415 3629 ¹vero
432 3555 462 3616 fit
479 3554 508 3616 h.
530 3552 551 3618 l.
570 3555 668 3614 distin·
749 3573 853 3617 mator.

222 3662 565 3746 gueredista‚quam-cum
575 3659 670 3726 Bentl.
795 3684 810 3725 κ
831 3662 889 3738 Ea,
909 3683 981 3748 quae
996 3661 1083 3744 culpa
1102 3666 1208 3730 nostra

223 3787 291 3826 mox
324 3786 509 3848 corrumpere
534 3770 669 3829 habentem
751 3769 887 3829 eveniunt
902 3768 1103 3840 incommoda,
1116 3769 1204 3832 dole-

221 3876 254 3936 in
273 3875 389 3936 habente.
412 3873 535 3954 Expone
548 3895 642 3935 autem
658 3897 667 3936 z
750 3895 814 3935 mus
826 3877 929 3960 magis.

221 4001 292 4051 me,
311 4001 382 4064 qnae
400 4001 468 4038 eum
483 4001 559 4039 nunc
580 3980 671 4041 habe-
795 3999 809 4058 3
823 3979 853 4041 h.
873 4002 899 4042 e.
914 4003 986 4065 quae
1000 3981 1082 4043 abeo
1096 3984 1206 4045 oriun-

224 4109 284 4152 tem
297 4132 309 4159 ,
324 4105 425 4168 rogat,
445 4085 520 4144 unde
539 4083 579 4145 snt.
752 4103 796 4145 tur
808 4083 996 4146 incommoda
1009 4087 1070 4159 3uti
1084 4087 1145 4148 Ad.
1160 4089 1209 4163 11,

265 4216 278 4256 1
299 4196 463 4256 Incommode
481 4213 546 4253 cum
559 4191 619 4254 illis
635 4215 667 4256 a·
751 4214 764 4272 3
776 4237 786 4267 ‚
808 4215 824 4254 2
845 4193 943 4253 iniuria
955 4195 1154 4276 adolescentium
1170 4196 1204 4260 h.

216 4305 335 4389 ginone
350 4302 454 4389 quibus
480 4301 565 4364 unici
583 4302 670 4365 disce·
751 4321 777 4363 e.
797 4319 869 4387 quae
891 4300 927 4362 ab
947 4298 1024 4363 adol.
1046 4299 1098 4378 fit3
1118 4310 1148 4367 8(
1171 4324 1206 4373 ιε
