2809 5234
2085 912 2210 986 ¹9¹

460 1117 2054 1227 M.ANT.MURETI

703 1338 1833 1413 ARGUMENTUM

303 1435 698 1616 CHt-emes
723 1538 776 1604 S
773 1536 1029 1635 osb-atae
1050 1535 1243 1607 uxori
1264 1534 1561 1630 gravidae
1581 1534 1864 1637 imperat,
1868 1531 1947 1634 fi
1951 1540 2229 1627 puellam

281 1681 520 1753 pareret
535 1709 561 1747 ‚
588 1680 659 1729 ut
683 1686 818 1730 eam
839 1657 1067 1758 statim
1091 1656 1463 1746 interficeret.
1510 1657 1660 1726 Fuit
1689 1656 1833 1726 haec
1856 1657 2228 1726 immanitas

291 1784 370 1853 in
392 1804 653 1855 veterum
683 1783 990 1863 moribus,
1015 1803 1118 1870 ut,
1145 1806 1282 1850 cum
1298 1778 1446 1870 jera
1469 1782 1651 1848 nulla
1670 1773 1768 1874 fit
1787 1829 1809 1864 ,
1835 1803 1991 1870 quae
2008 1775 2227 1867 foetus

273 1901 440 2001 ficos
472 1933 604 1978 non
640 1907 868 2001 diligat
888 1956 911 1993 ‚
931 1900 1053 2000 ipsi
1068 1928 1226 1996 quos
1258 1905 1416 1971 alere
1449 1904 1687 1972 nollent
1713 1901 1966 1987 liberos,
2000 1927 2102 1972 eos
2134 1928 2231 1972 re-

295 2051 437 2098 cens
460 2048 650 2098 natos
673 2049 788 2096 aut
807 2026 1125 2117 inteficere
1139 2073 1165 2110 ‚
1190 2043 1306 2092 aut
1325 2047 1625 2113 exponere
1630 2019 1754 2111 fas
1769 2043 2085 2113 putarent.
2111 2026 2232 2093 So·
2297 2080 2309 2107 ,

275 2149 488 2252 strata
506 2155 722 2243 puella
748 2149 955 2221 enixa
984 2143 1108 2244 (ut
1129 2145 1212 2244 est
1236 2166 1553 2215 maternus
1570 2143 1814 2235 fimper
1833 2143 2094 2216 animus
2117 2150 2234 2216 cle·

294 2267 612 2367 mentior)
638 2273 842 2343 vitam
882 2271 942 2340 ei
976 2268 1241 2338 adimere
1277 2292 1409 2335 non
1428 2265 1737 2366 sustinuit
1759 2291 1784 2334 .·
1808 2263 1933 2358 fid
1961 2291 2232 2358 pauper-

203 2462 216 2471 .
291 2401 467 2466 culae
508 2396 759 2465 cuidam
794 2395 952 2464 anui
997 2390 1357 2463 Corinthiae
1370 2440 1401 2480 ‚U
1430 2389 1740 2458 Philterae
1768 2392 2024 2460 nomine
2045 2440 2067 2476 ‚
2109 2416 2233 2459 ex-

283 2517 647 2609 ponendam
698 2517 864 2583 dedlt
886 2541 913 2584 .·
968 2518 1267 2607 etiamque
1310 2514 1584 2583 muliebri
1606 2517 1897 2607 -quadam
1929 2513 2233 2614 supersti-

291 2637 461 2707 tione
480 2683 503 2720 ‚
532 2635 844 2703 annulum
877 2638 951 2704 de
982 2638 1177 2731 digito
1211 2636 1548 2708 detraHum
1567 2640 1733 2730 suo,
1766 2634 1931 2732 itfft
1945 2690 1966 2725 ,
1996 2660 2068 2708 ut
2097 2664 2233 2708 urta

293 2778 437 2825 cum
462 2758 679 2848 puella
716 2779 1052 2848 exponeret.
1088 2759 1189 2848 id,
1216 2765 1387 2853 quod
1414 2783 1545 2830 tum
1558 2760 1748 2861 stulte
1766 2758 2016 2851 faHum
2042 2763 2237 2835 videri

280 2900 525 2972 poterat
543 2931 565 2967 ‚
604 2877 815 2980 pessea
846 2883 1090 2972 puellae
1122 2881 1330 2972 saluti
1360 2881 1509 2971 fuit
1531 2909 1562 2965 ;
1611 2883 1741 2952 eius
1788 2882 1956 2952 enim
2002 2882 2235 2952 annuli

293 3029 405 3098 ope
435 3008 704 3099 tandem¹
725 3008 950 3101 agnita
979 3005 1063 3108 est
1092 3033 1136 3086 a
1147 3005 1317 3098 suis.
1361 3011 1558 3076 Anus
1590 3031 1899 3101 acceptam
1920 3013 2192 3100 puellam
2207 3060 2234 3100 ,

290 3128 701 3218 Antiphilam
738 3130 1081 3219 nominat,
1118 3131 1449 3221 educatque
1491 3152 1562 3200 ut
1589 3131 1804 3221 suam.
1851 3131 2068 3216 Eam,
2091 3158 2232 3201 cum

292 3245 637 3346 adoleviffet
652 3301 676 3334 ‚
722 3278 1009 3345 anusque
1057 3257 1232 3327 illius
1270 3258 1424 3351 filia
1469 3277 1798 3349 putaretur
1818 3305 1841 3343 ‚
1883 3253 2233 3326 Menedemi

278 3369 469 3464 filius
513 3373 730 3444 Clinia
765 3376 1005 3469 perdite
1052 3403 1263 3447 amare
1310 3382 1506 3472 coepit
1527 3431 1548 3467 ‚
1595 3408 1782 3476 prope
1831 3383 1960 3450 iam
2003 3405 2077 3449 ut
2113 3407 2232 3472 pro

294 3522 490 3568 uxore
510 3499 766 3571 liaberet.
796 3503 965 3594 quod
984 3501 1093 3569 ubi
1120 3501 1359 3593 rescivit
1372 3524 1586 3592 pater,
1611 3504 1709 3572 ita
1740 3503 2037 3572 violenter
2057 3504 2233 3592 tulit,

292 3629 611 3718 utfiIIum,
634 3625 977 3721 affiduitate
999 3629 1323 3722 iurgandi,
1353 3634 1514 3698 clam
1539 3632 1878 3700 militatum
1903 3633 1974 3699 in
2002 3628 2230 3724 Asiam

261 3744 460 3815 abire
497 3747 768 3837 coegerit.
823 3747 986 3817 Tum
1031 3774 1166 3817 vero
1211 3752 1322 3840 qui
1342 3750 1479 3840 filii
1510 3776 1778 3819 amorem
1826 3750 2046 3841 iniquo
2083 3754 2235 3820 ani-

297 3890 401 3935 mo
447 3869 667 3934 tulerat
688 3916 714 3954 ‚
758 3873 954 3939 multo
1005 3872 1315 3965 iniquiore
1369 3871 1630 3961 eiusdem
1680 3871 2025 3965 absentiam
2061 3875 2230 3964 ferre

298 3990 510 4081 coepit.
558 3989 775 4085 Itaque
812 4018 883 4062 ut
920 3997 993 4063 de
1016 3998 1091 4088 fi
1125 3998 1498 4086 supplicium
1548 3997 1783 4088 abfinti
1816 3999 1963 4084 filio
2008 4001 2182 4066 daret
2200 4048 2227 4086 ,

292 4115 409 4207 qui
431 4140 567 4186 eum
581 4116 855 4208 saevitia
856 4121 987 4211 sua
1006 4118 1286 4217 exegffzt
1306 4146 1388 4189 ex
1409 4122 1684 4205 aedibus,
1705 4124 1883 4192 aedes
1903 4173 1924 4205 ,
1927 4120 2230 4211 supellec-

296 4240 461 4311 tilem
483 4289 506 4327 ,
520 4244 855 4338 familiam
882 4247 1140 4325 vendit,
1172 4267 1444 4336 praeter,
1468 4248 1577 4334 qui
1589 4246 1764 4333 servi
1799 4248 1890 4312 ad
1910 4268 2065 4332 opus
2101 4242 2234 4312 ruri

291 4359 679 4453 faciundum
697 4425 724 4460 ,
755 4372 938 4442 utiles
976 4389 1151 4438 :rant
1170 4419 1196 4457 ,
1218 4371 1640 4464 ingentemque
1651 4363 1790 4470 fibi
1817 4362 2032 4459 agrum
2058 4392 2230 4450 com3

2274 4666 2504 4808 ,1
