2809 5234
262 778 383 934 74'
502 830 981 970 trutanam

259 995 476 1074 Sollicitando
485 1014 544 1082 ,et
559 994 782 1094 pollicitando
796 1021 916 1070 eorum
930 995 1061 1071 animos
1079 995 1178 1074 laetas
1196 1003 1235 1075 ¹?

435 1126 488 1196 Cr.
512 1124 650 1194 sanusne
671 1117 740 1193 esi

259 1256 297 1326 S.
315 1255 367 1324 Ac
383 1246 593 1321 meretricios
606 1269 738 1319 amores
751 1244 874 1344 nuptiis
887 1245 1124 1347 conglutinas?
1193 1272 1239 1326 ιο

260 1382 305 1457 P.
322 1370 432 1450 Perii!
454 1391 594 1461 metuo,
618 1389 656 1443 ut
679 1368 798 1444 substet
820 1373 950 1471 hospes.
974 1377 1032 1447 Ch.
1054 1371 1096 1466 fi,
1117 1371 1237 1468 Simo,

339 1552 342 1557 ,
435 1498 526 1571 hunc
551 1495 648 1570 notis
664 1497 761 1583 satis,

260 1628 344 1702 Non
366 1624 413 1698 ita
435 1622 606 1694 arbitrere.
631 1623 741 1695 bonus
764 1618 813 1695 est
833 1617 889 1693 hic
909 1620 973 1695 vir.
997 1628 1035 1695 S.
1054 1621 1179 1698 hicvir
1198 1622 1239 1700 fit

435 1749 547 1821 bonus
564 1753 608 1818 ²?

261 1880 355 1949 Itane
375 1873 601 1969 adtemperate
617 1870 712 1945 venit
732 1869 836 1942 hodie
857 1867 893 1940 in
915 1867 991 1966 ipsu
1013 1871 1161 1969 nuptiis,

260 2002 313 2076 Ut
334 1999 464 2074 veniret
478 1997 615 2070 antehac
629 1994 824 2094 nunquam?
838 1993 886 2069 est
898 2017 985 2068 vero
998 1995 1076 2070 huic
1091 1998 1237 2071 creden·

388 2206 395 2223 υ
434 2124 536 2209 dum,
561 2122 716 2194 Chreme.

158 2314 163 2321 .
261 2252 306 2323 P.
329 2247 376 2321 Ni
398 2264 545 2321 metuam
569 2267 720 2345 patrem,
742 2245 853 2319 habeo
879 2269 945 2343 pro
954 2245 1018 2319 lusa
1032 2271 1069 2321 re
1087 2248 1238 2340 r,iuum

435 2373 529 2470 quod
549 2392 707 2444 moneant
727 2372 844 2467 probe.
974 2377 980 2392 '
1194 2397 1235 2475 15

263 2504 302 2575 S.
325 2497 553 2596 Sycophanta.
581 2501 632 2568 Cr.
652 2496 741 2569 hem.
772 2500 827 2568 Clu
848 2495 891 2570 stc
905 2494 1048 2587 ,Crito,
1066 2494 1113 2569 est
1127 2496 1184 2576 hic
1200 2515 1240 2571 ⁴2

435 2621 541 2694 mitte.
569 2625 621 2694 Cr.
646 2621 782 2712 videat,
798 2623 856 2721 qui
876 2622 943 2697 stet.
1302 2642 1305 2648 '

261 2748 298 2825 Si
315 2746 399 2822 mihi
421 2747 553 2846 pergit,
576 2773 662 2845 quae
681 2749 781 2839 volt,
795 2749 905 2824 dicere
924 2763 961 2840 5,
982 2773 1043 2837 ea,
1063 2772 1150 2844 quae
1168 2772 1241 2823 non

409 2873 509 2963 volt,
530 2873 653 2944 audiet.

260 3003 336 3102 Ego
348 2997 468 3073 isthaec
481 3022 611 3071 moveo
628 2997 660 3086 ⁶,
672 3017 728 3072 aut
739 2995 849 3072 curo?
865 3018 935 3068 non
948 3010 988 3067 tu
1000 3014 1095 3067 tuum
1110 2993 1238 3072 malum

434 3149 546 3223 aequo
565 3123 680 3195 animo
702 3119 815 3196 feres?

306 3303 410 3365 tBene
424 3302 526 3372 uuas,
544 3296 619 3380 quast
630 3315 708 3358 tene·
830 3317 843 3380 ς
859 3297 906 3359 int.
927 3297 1033 3397 maleps.
1052 3301 1189 3366 convicia.

262 3432 310 3473 ros
320 3416 437 3475 animos.
453 3408 515 3473 MS.
526 3407 606 3470 Bou.
617 3407 710 3467 iatius.
827 3406 882 3467 6h.
893 3426 917 3466 e.
932 3405 995 3465 istas
1009 3408 1116 3486 nuptias
1130 3427 1238 3489 pertur-

265 3515 366 3595 Neque
388 3516 418 3574 id
438 3514 514 3576 sensu
532 3531 628 3588 caret,
643 3511 665 3572 st
679 3512 713 3573 stt
791 3513 838 3574 bo.
858 3511 894 3574 cf.
911 3513 989 3594 supra
1004 3509 1065 3588 Ill,
1082 3536 1116 3589 2,
1131 3517 1176 3592 36.
1193 3517 1238 3577 Si-

266 3619 402 3691 concutis,
409 3620 527 3698 proiicit.
793 3641 842 3680 nto
852 3637 944 3680 autem
954 3618 1078 3693 dixerat,
1091 3617 1238 3684 Critonem

309 3743 325 3783 2
349 3720 425 3784 Cum
447 3740 587 3785 contemtu
609 3742 713 3807 rogat,
794 3726 982 3809 adtemperate
1003 3726 1108 3789 venisse
1128 3728 1154 3786 in
1176 3726 1238 3809 ipsis

263 3829 402 3914 lpotius
442 3830 574 3892 exclamat
603 3836 715 3897 iromce.
794 3839 900 3919 nuptiis
936 3837 1020 3899 Hunc
1041 3836 1148 3899 sensum
1172 3835 1238 3897 diui

307 3958 321 4020 3
333 3940 360 3999 h.
371 3961 395 3999 e.
402 3935 479 4019 quod
490 3944 636 4000 convenire
646 3943 709 4005 huic
791 3968 890 4028 parum
901 3948 947 4008 alii
959 3946 1076 4008 adsecuti
1082 3934 1153 4007 lunt.
1171 3943 1237 4005 Do·

192 4092 194 4094 -
265 4043 305 4102 tei
323 4060 414 4124 queat·
793 4067 974 4110 natustumen
993 4051 1080 4112 bene:
1098 4050 1160 4128 Ego
1174 4048 1238 4104 daec

311 4151 399 4219 4int.
428 4145 514 4209 Simo.
543 4145 709 4222 Critonem,
791 4154 886 4226 turbo,
910 4172 957 4212 aut
980 4156 1084 4233 cogito,
1109 4151 1237 4233 quemad·

265 4244 321 4313 iam
331 4249 428 4309 iratum
438 4250 567 4309 conviciis
578 4248 708 4321 Simonis,
787 4252 890 4310 modum
907 4271 936 4311 tu
952 4254 1037 4326 dicis,
1055 4256 1156 4313 Simo?

267 4346 348 4409 lenite
365 4350 518 4432 aggreditur
535 4349 678 4412 Chremes.
