2809 5234
611 952 2075 1051 HEAUTONTIMORUMENOS.
2181 952 2312 1049 265

415 1115 652 1190 Voster
685 1113 956 1206 nossw,
1005 1113 1135 1188 effe
1185 1113 1368 1189 istam
1415 1113 1690 1188 amicam
1736 1116 1951 1214 gnati,
1988 1136 2129 1185 non
2175 1138 2323 1188 cre·-

745 1238 856 1310 dat
894 1257 1113 1310 tamen
1157 1251 1201 1310 ¹.

415 1367 485 1437 C.
543 1367 638 1435 At
681 1360 862 1435 enim
911 1360 1093 1459 spem
1147 1358 1332 1456 istoc
1370 1356 1566 1458 pacto
1628 1356 1881 1432 rursum
1943 1358 2321 1459 nuptiarum

743 1508 1013 1559 omnem
1062 1482 1308 1580 eripis:
2228 1496 2312 1584 33

415 1612 584 1683 Nam
603 1607 766 1683 dum
788 1608 1064 1683 amicam
1091 1606 1262 1683 hanc
1287 1630 1508 1683 meam
1529 1603 1659 1683 effe
1685 1607 1937 1701 credet,
1958 1627 2100 1681 non
2127 1629 2318 1683 com-

744 1731 961 1806 mittet
1001 1728 1224 1805 filiam.
1323 1837 1328 1843 ·

406 1857 512 1925 Tu
551 1852 820 1929 fortass‘e
841 1907 866 1942 ,
902 1853 1071 1952 quid
1106 1877 1215 1926 me
1254 1849 1368 1927 fiat
1388 1904 1415 1940 ,
1459 1850 1653 1952 parvi
1693 1851 1963 1951 pendis,
2009 1853 2168 1928 dum
2217 1853 2317 1932 illi

736 1975 1049 2051 consulas.

401 2110 471 2172 S.
517 2099 705 2195 Quid
725 2152 749 2194 ,
776 2101 1018 2177 malum
1051 2113 1083 2148 ²
1103 2152 1128 2192 ,
1153 2121 1263 2174 me
1295 2112 1571 2174 aetatem
1607 2097 1828 2173 censes
1853 2097 2023 2175 velle
2047 2098 2119 2175 id
2144 2099 2312 2183 adsi-2

738 2224 1042 2330 mularier
1070 2223 1100 2297 ὶ

399 2351 587 2422 Unus
628 2345 723 2421 est
763 2347 943 2434 dies,
988 2347 1146 2422 dum
1181 2369 1523 2448 argentum
1560 2342 1823 2444 eripio:
1856 2371 1987 2445 pax
2012 2362 2041 2415 3
2076 2346 2096 2421 !
2145 2345 2311 2424 nihil

734 2471 1033 2568 ampliu&

399 2594 464 2662 C.
505 2592 798 2665 Tantum
838 2594 931 2666 sat
967 2592 1218 2666 habes?
1247 2590 1410 2690 quid
1442 2609 1585 2666 tum
1611 2593 1857 2694 quaeso
1877 2646 1903 2688 ,
1938 2592 1986 2667 fi
2015 2594 2148 2672 hoc
2186 2618 2309 2693 pa-

732 2731 830 2786 ter
861 2730 894 2776 ⁴
934 2715 1327 2789 resciverit?
2211 2742 2308 2810 40

394 2855 464 2922 8.
494 2847 720 2943 Quid,
760 2848 804 2922 fi
832 2851 1035 2933 redeo
1057 2838 1143 2927 'ad
1185 2850 1333 2926 illos
1356 2906 1382 2943 ,
1415 2850 1535 2952 qui
1576 2850 1798 2944 aiunt,
1832 2849 1993 2953 quid
2036 2851 2084 2927 fi
2127 2878 2308 2929 nunc

731 2976 992 3051 coelum
1044 2994 1190 3050 ruat
1224 2990 1245 3039 5
1277 2975 1308 3049 ἓ

392 3103 457 3170 C.
488 3102 757 3190 Metuo,
790 3099 954 3197 quid
981 3125 1191 3200 agam.
1236 3107 1312 3175 8.
1338 3096 1629 3175 metuis?
1657 3097 1834 3198 quafi
1873 3123 2015 3172 non
2055 3122 2134 3173 ea
2176 3123 2310 3198 po-

723 3222 909 3297 testas
959 3223 1033 3296 fit
1083 3246 1235 3317 tua,

386 3346 549 3435 Quo
590 3346 807 3422 velis
790 3373 860 3419 m
896 3363 1202 3445 tempore
1243 3367 1315 3423 ut
1362 3370 1427 3424 te
1465 3348 1770 3425 exsolvas
1798 3346 1829 3397 ⁶
1855 3399 1879 3437 ,
1918 3367 2065 3419 rem
2104 3343 2309 3422 faciae

718 3472 956 3570 palam.

470 3694 491 3734 1
536 3674 606 3737 Et
630 3676 876 3739 sanentur
906 3678 1075 3738 ambo
1093 3676 1278 3751 senes,
1343 3746 1348 3751 ,
1398 3676 1559 3742 &est
1580 3678 1636 3741 h.
1661 3678 1701 3743 l.
1736 3677 1884 3739 idem
1913 3698 1978 3738 ac
2012 3694 2235 3738 tantum.

381 3762 457 3821 iia
471 3782 538 3829 ut
566 3766 697 3823 alter
727 3786 946 3837 ettam,
978 3767 1204 3826 alterum
1241 3788 1275 3826 a
1473 3792 1513 3842 4
1554 3771 1654 3831 int.
1695 3767 2034 3850 Clitiphonis.

380 3856 499 3911 veri
527 3856 790 3933 opinione
826 3856 897 3914 ad
931 3856 1118 3917 falsam
1156 3873 1275 3917 tra-
1483 3880 1510 3940 5
1560 3863 1776 3922 Metam
1820 3863 2032 3925 Cliniae
2076 3865 2289 3922 inanem

380 3948 632 4010 ducimus
655 3949 865 4010 fitinfra
886 3952 995 4023 lv,
1015 3952 1086 4012 sc.
1108 3952 1200 4012 ult.
1226 3970 1274 4033 5.
1394 3954 1701 4017 ostensurus
1718 3976 2000 4036 comparat
2015 3955 2298 4036 adimpos-

462 4068 495 4106 2
535 4045 781 4121 Malum,
810 4044 1109 4108 interieffio
1158 4048 1274 4105 ira·
1391 4046 1582 4122 fibsse,
1610 4072 1641 4110 a
1668 4071 1780 4131 quo
1813 4053 1930 4133 quis
1960 4066 2185 4111 metuat.

375 4136 600 4210 semitis,
640 4137 792 4221 quasi
846 4139 925 4201 ob
975 4138 1277 4200 tarditatem
1481 4138 1518 4201 6
1582 4141 1767 4202 Metus
1810 4141 1983 4201 nullus
2020 4139 2138 4209 est,
2181 4156 2292 4217 quo

375 4230 606 4295 Ciiniae.
1398 4230 1516 4311 quis
1534 4229 1585 4291 se
1601 4229 1776 4292 statim
1803 4232 2085 4290 absolvere
2107 4242 2291 4307 queat·

466 4345 493 4406 3
531 4329 661 4387 Pax
682 4325 893 4387 comice
910 4371 930 4401 ,
947 4322 1093 4407 quasi
1123 4322 1281 4386 silen—
1395 4323 1483 4388 Ita
1509 4325 1678 4389 vincit
1704 4341 1915 4390 metum
1941 4322 2171 4388 Cliniae.

374 4426 508 4488 tium
524 4423 621 4487 fibi
645 4424 913 4488 indicente
930 4427 1275 4503 interficiunt-3
