2809 5234
452 883 834 971 Pnonurm
1082 894 1151 986 ni

179 1067 482 1166 Epidicazomenon
507 1081 612 1156 quam
644 1072 777 1128 vocant
811 1045 1032 1127 comoediam
1102 1062 1149 1154 ²5.

181 1201 327 1271 Graece.
360 1191 481 1264 Latine
512 1187 568 1258 hic
601 1185 829 1255 Phormionem
852 1179 1038 1266 nominat,

182 1321 278 1414 Quia
306 1317 431 1415 primas
453 1328 568 1409 partes
589 1308 650 1406 qui
669 1323 777 1404 aget,
795 1304 824 1376 is
847 1303 914 1375 erit
936 1302 1106 1388 Phormio,

183 1442 351 1514 Parasitus
370 1454 379 1485 ¹
396 1488 408 1526 ,
424 1455 486 1532 per
502 1457 606 1532 quem
627 1453 681 1502 res
706 1444 847 1526 geretur
873 1450 1078 1513 maxume;-.

184 1565 359 1635 Voluntas
382 1554 499 1631 vostra
522 1553 547 1625 si
578 1553 621 1625 ad
648 1574 792 1648 poetam
818 1547 1006 1622 accellerit.

186 1685 283 1757 Date
315 1703 486 1777 operam,
517 1671 631 1749 adeste
665 1696 781 1773 aequo
815 1673 933 1744 animo
962 1691 1026 1764 per
1055 1664 1160 1742 filend

383 1799 472 1870 tium
488 1820 501 1882 3

1098 1811 1163 1884 ’Ν

187 1953 243 2026 Ne
268 1946 367 2020 fimili
387 1962 527 2018 utamur
550 1939 714 2030 fortuna,
733 1956 839 2037 atque
860 1936 910 2011 usr
932 1936 1049 2011 sumus
1067 1954 1103 2027 ²,

188 2101 284 2175 Cum
299 2122 361 2196 per
377 2080 568 2168 tumultum
583 2088 700 2164 noller
718 2111 801 2188 grex
817 2104 935 2162 motus
954 2077 1038 2165 loco
1058 2088 1106 2163 est
1124 2107 1152 2172 ³,

189 2245 309 2336 Quem
329 2238 454 2313 nilonis
474 2236 589 2311 virtus
612 2234 716 2309 nobis
736 2231 885 2307 restituit
909 2233 1028 2309 locum
1046 2253 1092 2328 4,

194 2502 339 2582 &incipit
355 2496 508 2582 prologus.
592 2482 596 2488 ⁸

241 2632 252 2670 1
281 2609 344 2670 Cic.
372 2629 428 2691 pro
457 2609 542 2669 Caec.
565 2623 639 2668 ero

194 2716 257 2778 testi
272 2713 355 2774 huius
370 2713 498 2772 nominis
511 2710 638 2770 illudens

195 2822 265 2882 elicit
297 2821 364 2898 τάδ’
389 2818 551 2903 argentarius
572 2818 638 2877 Sex·

195 2932 304 2993 Clodius
315 2973 325 3004 ‚
336 2929 381 2990 cui
395 2949 486 3008 nomen
504 2928 538 3010 esi
554 2923 642 2985 Phor·

196 3040 272 3110 mio,
292 3036 345 3095 nec
367 3035 453 3093 minus
474 3032 562 3113 niger,
593 3053 642 3095 nec

197 3144 284 3203 minus
311 3139 464 3216 confidens,
495 3113 641 3214 quamille

186 3231 193 3243 κ
201 3245 371 3306 Terentirnur
384 3243 418 3322 est
429 3240 562 3299 Phormio·
574 3234 641 3298 Ge-

199 3371 243 3426 ta,
270 3348 364 3410 servus
385 3346 419 3420 l,
446 3367 479 3419 ι,
497 3367 533 3416 72
554 3344 589 3405 fic
606 3346 641 3407 de

199 3478 236 3519 eo
253 3476 261 3515 t
279 3457 369 3535 Homo
387 3455 538 3534 confidens:
551 3455 597 3535 qui
608 3454 644 3512 il·

199 3560 255 3620 lum
277 3562 331 3619 Dii
344 3581 432 3619 ornnes
446 3558 569 3638 perduint
589 3564 643 3616 διε.

199 3664 349 3789 Qvero
370 3665 472 3743 nigrum
494 3661 565 3718 dixit
583 3670 591 3715 ἓ
607 3678 644 3717 nn

203 3767 407 3845 utfflmbun,
426 3783 519 3844 aquo
540 3782 645 3821 caven·

205 3870 273 3930 dum
282 3865 329 3941 lit,
342 3866 389 3926 a'ur
402 3868 482 3950 quod
492 3865 581 3923 moris
591 3863 651 3924 fue·

205 3980 261 4054 rit,
274 3996 304 4039 ut
317 3976 393 4060 nigri
410 3972 522 4057 parafiti
536 3975 566 4033 in
584 3969 648 4031 scc-

205 4108 274 4149 nam
296 4083 539 4166 producerentur?
559 4077 649 4160 Apud

205 4193 390 4254 Athenaeum
409 4177 494 4249 certe
506 4187 543 4249 L.
562 4185 606 4249 Vl
617 4189 649 4247 in

158 4282 160 4287 ,
207 4298 340 4361 Gubern.
381 4296 483 4359 Alexis
512 4295 652 4357 Comicus

210 4405 317 4492 duplex
357 4408 425 4473 iacit
456 4407 654 4493 ‚pmfizorun

722 2512 832 2582 genus,
847 2494 1103 2591 nltemm'rulgare
1114 2523 1171 2564 eoa

723 2628 805 2680 rum,
825 2609 874 2692 qui
898 2624 1010 2688 periure
1029 2614 1097 2695 nigri
1114 2635 1171 2673 ro-

723 2731 840 2786 tantur,
860 2711 981 2775 alterum
997 2719 1121 2799 graviter
1133 2742 1175 2782 αα

725 2817 916 2894 dulantium,
953 2824 1004 2906 qui
1040 2825 1171 2894 dicantur

723 2929 1045 3001 praevidentius—Mox
1070 2955 1172 3016 geretur

724 3029 753 3090 h.
763 3054 787 3121 e.
801 3028 982 3091 sustinebitur
990 3036 1169 3116 ,imperaro-

724 3134 764 3194 ric
782 3136 890 3212 instar3
916 3133 952 3196 cf.
978 3136 1064 3200 Varr.
1085 3144 1119 3202 de
1133 3143 1172 3210 1..

725 3237 763 3299 L.
780 3237 828 3314 V,
849 3245 875 3301 8.
896 3242 934 3304 Et
955 3243 980 3302 is
998 3265 1059 3303 non
1079 3245 1174 3312 solum

725 3342 787 3428 ipse
805 3367 885 3431 aget,
902 3348 949 3410 sed
964 3353 1051 3413 eciam
1069 3374 1122 3435 per
1139 3378 1173 3422 a·

728 3450 786 3513 lios
801 3472 862 3514 rem
879 3474 969 3538 geret.

770 3579 785 3614 2
802 3550 962 3619 Fortunam
972 3561 1079 3625 mavult
1095 3585 1175 3629 acm·

728 3654 787 3719 sate
801 3704 810 3732 ,
825 3681 910 3742 quam
924 3667 1078 3747 populum·

774 3787 787 3842 3
803 3767 885 3827 Hinc
904 3774 1022 3834 coniicit
1041 3777 1177 3857 Donatus

733 3866 880 3950 Hecyram
904 3875 985 3954 prius
1016 3881 1108 3944 astam
1132 3879 1176 3944 es·-
1278 3914 1281 3920 Δ

732 3971 778 4045 se,
805 3961 840 4033 in
865 3982 945 4040 cuius
970 3982 1100 4067 prologo
1129 3987 1177 4048 nl·
1280 4002 1282 4008 '

733 4096 795 4138 tero
815 4101 904 4162 poeta
918 4085 949 4145 icl
965 4090 1093 4169 queritur
1105 4090 1179 4170 plue

733 4188 822 4249 ribus.

778 4322 798 4372 4
817 4294 966 4358 Blanditur
989 4319 1077 4381 poeta
1094 4270 1205 4379 ἠὲ

736 4405 814 4470 ribus
824 4451 834 4485 ,
858 4424 918 4469 tum
933 4408 1059 4490 populo.

989 4487 1056 4563 12
