2809 5234
297 678 304 687 Ι
901 670 906 675 .

1393 762 1400 773 1

337 804 348 813 ο

581 844 588 853 ι

1084 974 1700 1050 ANDRM.
2297 1000 2385 1078 59

629 1159 1147 1272 ACTUS
1246 1158 1426 1228 JV.
1528 1120 2054 1224 sCENA
2163 1160 2297 1231 ις·

626 1334 1260 1423 CHREMES,
1335 1333 1741 1426 MYsls,
1790 1330 2226 1410 ..DAVUS

456 1531 521 1601 C.
533 1470 1014 1613 REvenor,
1091 1510 1447 1623 postquam
1475 1575 1500 1614 ,
1562 1547 1732 1622 quae
1809 1543 1981 1619 opus
2054 1520 2240 1597 fuere
2301 1506 2388 1597 ad

800 1645 1060 1742 nuptias

454 1774 761 1857 Gnatae,
798 1771 1068 1866 paravi,
1100 1784 1174 1839 ut
1215 1765 1481 1859 iubeam
1522 1760 1769 1837 arceffi.
1814 1763 1924 1836 sed
1954 1763 2116 1863 quid
2142 1765 2390 1841 h0c1?
2424 1830 2431 1836 .
2548 1784 2561 1795 ·

452 1897 624 1967 Puer
641 1893 862 1965 h'ercle
899 1891 1011 1965 est.
1050 1891 1332 1974 mulier,
1361 1886 1501 1960 tun'
1532 1886 1884 1984 apposuisti
1907 1887 2135 1961 hunc?
2163 1894 2258 1966 M.
2278 1891 2392 1964 ubi

455 2019 659 2093 111ic2
684 2016 832 2091 est?
875 2019 946 2089 C.
982 2040 1120 2087 non
1151 2014 1314 2085 mihi
1351 2013 1762 2108 respondes?
1795 2014 1890 2085 M.
1925 2011 2249 2111 nusquam
2277 2013 2396 2092 est.

799 2164 926 2213 vae
964 2138 1234 2212 miserae
1282 2138 1494 2227 mihi,

389 2344 396 2352 ,
455 2264 748 2364 Reliquit
796 2288 907 2336 me
952 2263 1165 2335 homo
1206 2285 1482 2360 ,atque
1551 2259 1735 2337 abiit.
1819 2263 1924 2334 D.
1972 2261 2042 2335 di
2100 2260 2393 2336 vostram

792 2387 836 2458 fi
889 2383 1035 2458 em!

461 2510 650 2604 Quid
677 2388 910 2586 ωὼέε
946 2507 1041 2581 est
1076 2508 1253 2603 apud
1289 2507 1558 2581 forum?
1597 2523 1624 2576 3
1669 2507 1836 2608 quid
1872 2509 2005 2584 illic
2039 2402 2393 2586 hominugn

796 2633 1055 2730 litigant
1080 2632 1112 2704 ff
2266 2673 2283 2689 ·

456 2757 639 2853 Tnm
671 2778 950 2827 ·annona
994 2778 1145 2826 cara
1174 2753 1286 2826 est.
1347 2757 1512 2854 quid
1557 2755 1773 2829 dicam
1821 2757 2039 2846 aliud,
2085 2757 2308 2833 nescio
2342 2775 2395 2834 4.

458 2883 564 2954 Μ.
605 2878 748 2953 Cur
789 2894 862 2951 tu
907 2875 1193 2950 obsecro
1239 2876 1348 2950 hic
1394 2904 1506 2952 me
1547 2880 1804 2956 solam?
1860 2887 1965 2955 D.
1998 2884 2194 2974 hem,
2222 2894 2415 2983 qu'ae·

798 3003 968 3076 haec
1003 2998 1101 3094 est
1148 3000 1369 3074 fabula
1409 3015 1429 3064 5
1465 3001 1496 3075 ?

463 3127 612 3200 Eho
647 3125 857 3227 Myfis
890 3127 922 3176 ⁶
942 3181 965 3219 ‚
1016 3151 1183 3225 puer
1207 3125 1318 3200 hic
1345 3110 1684 3202 unde'est?
1714 3126 1946 3227 quisve
1976 3126 2108 3201 huc
2132 3126 2396 3207 attulit?

459 3256 561 3328 M.
588 3250 788 3326 Satin’
823 3251 1013 3353 {huns
1055 3277 1127 3327 es
1150 3307 1173 3345 ,
1198 3252 1319 3351 qui
1346 3279 1455 3328 me
1485 3253 1558 3331 id
1584 3252 1882 3351 rogites?
1912 3255 2016 3325 D.
2036 3277 2243 3351 quem
2268 3277 2400 3352 ego

797 3374 1003 3474 igitur
1042 3401 1276 3477 rogem
1303 3432 1328 3469 ,
2311 3401 2400 3508 ιε)

535 3627 562 3669 ι
606 3607 979 3694 Interrogatio
997 3611 1258 3673 mirantis.
1294 3608 1368 3673 Et
1485 3609 1691 3674 versus

455 3719 702 3782 apparet,
721 3703 1173 3764 eumnonoculis
1194 3705 1366 3785 prius,
1567 3722 1594 3785 5
1638 3704 1692 3764 h.
1722 3722 1775 3763 e.
1816 3700 1949 3783 quid
1978 3701 2087 3764 hoc
2120 3699 2200 3765 est
2234 3704 2395 3772 miri?

458 3812 626 3873 quam
653 3797 902 3875 corporis
936 3792 1188 3866 offensu,
1225 3818 1368 3877 pue·
1484 3795 1747 3859 Similiter
1775 3797 1830 3860 in
1850 3815 1907 3860 re
1928 3795 2067 3862 ffnita
2094 3796 2234 3860 Eun.
2270 3798 2357 3859 lv
2380 3845 2401 3875 ,

461 3903 585 3942 rum
622 3884 1079 3950 animadvertisse.
1486 3911 1560 3967 4,
1587 3909 1684 3948 22.
1725 3891 1880 3953 hem!
1921 3912 2054 3973 quae
2074 3892 2201 3969 haec
2218 3892 2285 3973 est
2300 3889 2403 3972 fizg-

544 3976 927 4036 2h.1.1·llehic.
946 3974 1183 4037 Davum
1200 3999 1369 4067 quae-
1487 3980 1637 4041 bula.
1679 3980 1851 4067 Vulgi
1901 3982 1977 4045 sc.
2028 3982 2243 4044 fabulae
2282 3982 2399 4066 ple-

458 4068 563 4141 τῖε,
598 4068 692 4149 qui
722 4086 866 4127 nunc
902 4062 1149 4128 absceffii
1169 4114 1190 4140 ,
1224 4086 1283 4129 ut
1305 4071 1369 4130 δι
1484 4091 1718 4154 rumque
1740 4073 1859 4137 sunt
1875 4072 2408 4137 mirae&monstro.

295 4158 310 4245 ἠ
460 4162 575 4249 ipse
607 4166 676 4226 de
712 4163 798 4225 sor
798 4184 836 4226 o
870 4167 1065 4226 venire
1103 4165 1373 4247 videatur.
1490 4165 1596 4229 sae.

547 4278 574 4340 3
640 4255 807 4320 MSS.
862 4279 956 4342 qm
939 4256 1089 4319 idam
1133 4259 1197 4320 δι
1234 4257 1365 4337 edd.
1567 4260 1621 4323 6·
1662 4260 1919 4345 Repente
1967 4276 2281 4325 cernentem
2346 4263 2435 4325 ie·

464 4371 604 4421 vett.
641 4371 785 4437 quoe.
1491 4352 1728 4425 fimulat.

540 4469 581 4527 4
612 4447 771 4514 Haec
794 4445 864 4511 ad
888 4445 1215 4537 speaatores
1236 4467 1373 4514 con
