2809 5234
285 705 294 714 ι

123 825 215 952 “aa
412 862 901 945 n-rrrrurrr

165 1035 374 1134 Sperabam,
402 1036 470 1111 iam
490 1031 672 1109 deservisse
690 1049 702 1083 ¹
721 1029 988 1133 adolescentiam
1009 1044 1021 1103 ε

164 1161 378 1236 Gaudebam.
400 1186 482 1236 ecce
500 1175 622 1254 autem
641 1156 684 1228 de
705 1155 843 1254 integro
860 1183 870 1228 ε
887 1155 948 1228 nisr
965 1154 1146 1257 quidquid

360 1282 434 1375 eli,

159 1408 262 1492 Nolo
287 1409 398 1498 scire,
421 1425 527 1504 atque
554 1404 736 1480 hominem
763 1406 978 1502 convenite,
998 1405 1024 1481 fi
1041 1358 1143 1506 apid

355 1530 474 1601 forum
497 1524 557 1601 esi.

257 1767 513 1842 ACTUS
553 1769 614 1840 11.
659 1773 919 1845 SCENA
976 1781 1039 1851 le·
1168 1822 1172 1831 ·

217 1966 1133 2076 snuu10‚nascu1uvs;*

160 2131 402 2222 PSALTRIA,
418 2130 646 2203 PARMENO
660 2126 791 2222 servus,
808 2128 974 2228 personae
1000 2152 1136 2216 muraeg

217 2287 441 2464 OBsecro
457 2375 668 2476 ‚populares
687 2388 724 2469 t,
748 2375 837 2451 ferte
867 2374 994 2453 misero
1021 2395 1131 2477 atque

347 2504 529 2579 innocenti
551 2502 719 2577 auxilium
743 2522 752 2573 t

157 2631 347 2707 Subvenite
359 2631 478 2743 inopi.
507 2637 571 2708 Ae.
587 2650 605 2696 ⁴
623 2629 738 2707 otiose
761 2626 855 2708 nunc
873 2632 941 2707 iam
960 2630 1055 2707 illito
1072 2629 1137 2709 hie

353 2749 497 2827 confisle
523 2774 536 2823 t

198 3011 214 3058 1
238 2990 458 3067 sdesetbuisle,
481 3014 511 3055 ut
533 2994 597 3056 Cic.

157 3122 213 3184 pro
231 3098 314 3160 Coei.
336 3120 361 3159 c.
379 3104 411 3157 18
431 3107 458 3157 &
474 3119 521 3174 43.
536 3099 599 3158 Ae-

158 3212 209 3270 tati
229 3229 323 3269 autem
338 3207 411 3267 lenis
436 3224 516 3286 patet
543 3204 597 3262 tri-

157 3317 234 3391 huit‚
255 3341 325 3402 quae
343 3315 416 3375 filius
437 3312 550 3372 fecerat.

197 3425 298 3484 alam
320 3422 402 3502 supra
420 3416 487 3477 Ast.
504 3418 538 3489 I,
558 3441 596 3490 2,

158 3551 239 3598 5--11
260 3531 372 3588 Demea
386 3525 498 3610 gravius
513 3523 596 3583 detu-

157 3633 227 3694 lerat
256 3638 290 3695 ad
318 3637 499 3705 Micionem,
534 3629 598 3690 Ae-

157 3737 286 3796 schinum
302 3738 409 3802 irruflle
436 3741 468 3798 in
489 3734 596 3796 alienas

156 3842 261 3914 aedes,
291 3844 410 3924 virginis
443 3842 596 3925 rapiendae

157 3947 264 4018 causa,
295 3949 409 4031 eiusque
447 3955 598 4010 dominum

158 4046 296 4125 multasse.
313 4049 354 4110 Ea
371 4050 422 4110 suit
439 4056 597 4132 priorrixa.

158 4155 219 4216 lam
232 4178 297 4216 rutn
311 4153 470 4215 Aeschinus
480 4160 527 4218 diu
537 4181 597 4218 ten·

160 4256 235 4321 tallet
246 4262 381 4322 lenonem
393 4264 553 4342 impurum,
566 4279 596 4321 ut

159 4359 220 4426 here
231 4365 280 4427 suo
295 4371 421 4441 cederet,
431 4367 595 4454 priusquam

679 2993 829 3056 abduceret
858 2993 919 3075 ipsc
961 2985 1132 3074 psaltriam,

681 3098 795 3159 deducit
804 3097 986 3158 tandemearn
996 3097 1132 3175 domum;

674 3227 768 3295 'quam
786 3227 850 3265 cum
863 3226 893 3265 ut
905 3204 983 3267 strant
995 3205 1129 3291 insequi·

681 3332 726 3372 tur
737 3313 808 3374 leno
819 3360 827 3387 ,
838 3335 890 3374 nec
905 3314 939 3375 ab
951 3336 984 3374 ea
997 3313 1127 3375 absistere

680 3415 740 3475 vult
748 3439 758 3491 ;
766 3419 857 3475 oritur
869 3415 956 3477 altera
963 3419 1040 3489 rixa,
1051 3439 1127 3500 quae

678 3519 764 3580 huius
778 3518 876 3582 scenae
892 3523 942 3581 est.
960 3521 1041 3581 Hinc
1053 3545 1127 3584 mox

681 3626 842 3689 Aeschinus
870 3648 878 3686 :
906 3650 957 3688 non
983 3632 1127 3691 committer

678 3734 753 3794 hodie
771 3757 886 3816 unquam
899 3780 908 3809 ,
921 3737 1012 3799 irenam
1026 3757 1057 3798 ut
1073 3763 1125 3800 va-

673 3840 758 3921 pulet.
775 3842 874 3926 Atque
890 3842 915 3902 is
930 3841 1011 3904 locus
1031 3845 1071 3903 est
1087 3862 1123 3903 ex

679 3950 801 4032 Diphili
808 3947 909 4012 'fabula
920 3954 1074 4013 transsatus.

724 4074 737 4130 3
754 4051 863 4112 escum
879 4053 935 4113 hec
948 4053 1122 4116 clamoreil-

677 4157 781 4240 losap.
797 4158 886 4221 Plaut.
904 4159 973 4218 Rud.
995 4157 1055 4249 Ill,
1079 4183 1111 4221 2.

721 4287 741 4338 4
766 4263 846 4323 Dicit
874 4261 943 4322 haec
960 4258 1120 4342 psaltriae,

674 4375 750 4452 ‚quae
768 4368 869 4438 volens
882 4365 1059 4432 Aeschinum
1076 4369 1121 4446 fv
