2809 5234
182 190 197 205 '
828 189 1332 239 “““““““““““-““Ψ

271 552 342 601 ιω
531 464 1023 607 r.arramrir

166 748 169 754 .
269 695 318 764 ct
342 687 429 762 Huic
443 686 547 792 filium
562 690 625 765 scis
643 691 734 766 elle?
755 695 809 765 Ch.
822 693 937 769 audivi
950 693 1015 768 elle
1028 692 1063 767 in
1077 694 1162 771 Asta.
1185 697 1235 770 ct.

440 838 509 887 non
532 813 602 906 est,
624 836 742 914 patera
768 817 857 914 apud
1162 800 1166 808 ¹

265 939 340 1013 Nos
352 935 408 1012 etl
423 940 480 1012 Ch.
494 939 574 1037 quid
586 938 659 1013 ais?
679 943 729 1015 ct.
741 939 998 1032 advenientem,
1010 965 1031 1016 e
1043 941 1123 1016 navi
1138 966 1234 1044 egre·

438 1064 584 1136 dientem
606 1063 698 1137 illico
1222 1062 1250 1145 ,’

264 1186 400 1262 Adduxi
412 1188 455 1261 ad
469 1211 634 1261 coenam:
656 1211 733 1259 nam
754 1187 836 1260 milri
855 1213 975 1290 magna
995 1213 1074 1264 cum
1095 1213 1141 1264 eo
1166 1188 1233 1266 iam

434 1311 513 1386 inde
532 1309 636 1409 usque
653 1337 672 1383 a
693 1312 833 1409 pueritia

263 1435 338 1511 Fuit
357 1435 487 1534 semper
517 1432 813 1510 familiaritatem
840 1436 1048 1536 voluptatem
1076 1461 1232 1538 magnam

434 1557 576 1645 nuntias.
1188 1587 1232 1635 ro

262 1685 377 1779 Quam
392 1683 514 1759 vellem
527 1682 764 1757 Menedemum
785 1683 961 1761 inritatum
972 1740 985 1776 ,
998 1701 1038 1759 ut
1055 1683 1230 1759 nobiseum

432 1807 512 1882 effer
535 1806 637 1881 hodie
663 1807 832 1907 amplius,
921 1857 927 1865 -

262 1935 313 2008 Ut
327 1933 413 2006 hanc
437 1931 593 2006 laetitiam
623 1954 687 2006 nec
716 1930 867 2029 opinanti
893 1927 1021 2030 primus
1043 1929 1227 2005 obiicerem

434 2055 548 2130 domi:

152 2245 155 2252 .
263 2182 374 2281 Atque
390 2179 488 2254 etiam
505 2205 593 2256 nunc
612 2196 747 2279 tempus
760 2175 807 2253 est
825 2191 849 2254 ¹.
878 2179 927 2252 Cl.
939 2201 1022 2254 cave
1034 2177 1140 2254 faxis:
1158 2204 1229 2255 non

432 2328 519 2402 opus
542 2303 608 2395 est,
629 2323 732 2402 pater.
813 2372 815 2375 ,
1154 2374 1157 2378 ,

265 2431 324 2501 ct.
340 2429 583 2529 Quapropter?
609 2431 656 2502 ct.
669 2426 748 2528 quia
760 2427 850 2503 enim
870 2427 1033 2505 incertum
1044 2427 1092 2501 ell
1105 2428 1228 2518 etiam,

433 2554 514 2653 quid
534 2554 567 2628 se
589 2553 709 2629 saciat:
730 2553 838 2626 modo
861 2552 965 2625 venit.

261 2677 376 2754 Timet
392 2678 528 2769 omnia,
550 2679 654 2777 patris
681 2678 788 2768 iram,
810 2693 844 2749 et
868 2673 1017 2747 animum
1038 2672 1179 2764 amicae,
1193 2674 1227 2747 se

431 2828 510 2903 erga
531 2819 568 2876 ut
588 2801 648 2893 fit,
666 2800 756 2874 suae.
1022 2808 1029 2815 ’
1182 2823 1222 2898 ¹5

262 2926 344 3000 Eam
365 2925 483 3002 misere
508 2946 607 3001 amat.
629 2941 771 3024 propter
786 2946 860 2996 eam
881 2922 963 2998 haec
986 2922 1105 3015 herba,
1127 2941 1228 3024 atque

431 3052 538 3125 abitio
551 3048 681 3145 evenit.
710 3050 770 3145 Cl
792 3046 873 3122 scio.

98 3184 103 3206 '
262 3180 309 3249 ct
329 3178 428 3274 Nunc
444 3174 612 3249 servolum
638 3172 680 3245 ad
700 3196 780 3257 eam,¹
797 3168 833 3242 in
856 3170 973 3245 urbem
992 3169 1097 3264 mifit‘,
1110 3193 1153 3248 et„
1161 3201 1227 3277 ego

431 3300 580 3374 nostrum
605 3322 673 3372 una
701 3298 838 3395 Syrum.

259 3427 317 3498 Ch.
342 3424 438 3518 Quid
459 3416 598 3498 narrati
635 3424 684 3497 ct
705 3417 888 3520 quidille?
916 3413 1125 3491 semiferum
1149 3419 1227 3497 else.

189 3541 192 3549 ’
432 3547 791 3646 Cl.miserumlquem
806 3536 909 3618 minu‘
923 3542 1058 3616 credere
1070 3543 1138 3616 est?
1212 3608 1214 3611 ,

259 3672 355 3770 Quid
384 3671 502 3770 reliqui
532 3671 606 3763 est,
634 3670 719 3770 quin
746 3668 886 3762 habeat,
916 3690 1003 3766 quae
1027 3668 1163 3766 quidem
1189 3668 1226 3740 irr

300 3812 318 3875 l
433 3794 572 3870 homine
592 3795 750 3869 dicuntur
767 3794 881 3881 bona,

303 3949 317 3992 r
340 3930 435 3994 interd
444 3927 605 3992 eamrems.
620 3928 713 3990 adim·
753 4004 755 4008 ι
770 3901 1074 4007 ωωρίῐϊατὶειοηρονὶ
1085 3923 1128 4003 esi

258 4030 414 4092 vitandum.
435 4028 714 4090 Bentltemerecor·
780 4040 782 4045 ·
