2809 5234
523 572 1006 667 RTERENTH

253 760 307 842 Ut
337 772 453 855 neque
481 753 568 827 mihi
590 753 664 827 eius
691 753 732 827 sit
755 751 968 842 amittendi,
988 776 1054 826 nec
1072 751 1227 830 retinen·-

452 881 488 954 di
518 881 621 977 copia
640 898 664 953 ¹.

256 998 325 1075 Sed
349 1001 517 1100 quidhoc
535 998 609 1074 est?
625 1000 770 1073 videon’
790 1023 857 1097 ego
882 1001 1010 1073 Getam
1030 1020 1227 1076 currentem

459 1124 528 1194 huc
554 1121 718 1194 advenire¹
737 1124 772 1194 ²?
1181 1144 1224 1221 ²5

255 1249 289 1325 18
316 1245 364 1324 est
387 1246 491 1348 ipsus.
516 1245 599 1337 hei,
624 1246 735 1316 timeo
766 1242 896 1334 miser,
930 1270 1035 1343 quam
1063 1245 1120 1320 hic
1143 1245 1229 1319 mihi

465 1386 558 1446 nnnc
592 1366 733 1442 nuntiet
753 1377 841 1439 rem.

251 606 327 695 &50
370 668 373 679 ,

374 1609 593 1682 ACTUS
638 1609 699 1678 11.
754 1609 953 1678 SCENA
1020 1611 1116 1681 111.

380 1819 535 1908 cm,
582 1818 825 1910 ANTIPHO,
866 1817 1117 1889 PHAEDRIA.

263 1973 510 2150 IGNUllu‘
545 2088 610 2154 es,
644 2063 767 2153 Geta,
797 2062 859 2135 nifi
886 2061 954 2136 iam
989 2061 1133 2159 aliquod
1168 2062 1232 2138 tibi

459 2188 641 2264 consilium
663 2190 777 2263 celere
806 2191 972 2287 repperis.

260 2317 318 2396 lta
344 2313 459 2390 subito
482 2338 575 2390 nunc
591 2315 799 2414 imparatum
820 2334 917 2395 tanta
938 2334 1007 2390 te⁴
1030 2316 1231 2414 impendent
1274 2387 1276 2390 .

474 2438 563 2511 mala
588 2467 600 2514 ε

309 2739 321 2777 ι
338 2716 420 2779 Vero
436 2726 574 2778 amore&
595 2718 712 2780 consue·

266 2828 365 2890 tudine
389 2828 538 2886 d'evinstus
553 2849 613 2885 non
629 2831 712 2886 inve·

265 2931 329 3003 nit,
355 2950 414 3012 quo
437 2928 492 2989 ase
510 2930 636 3002 amiitat3
660 2950 712 2988 ne·

266 3054 337 3119 que,
363 3035 405 3094 uti
434 3035 572 3103 retineat,
594 3031 665 3106 scit,
691 3035 711 3095 si

267 3158 426 3225 pateream
448 3138 531 3200 nolit.
609 3175 616 3184 ·

310 3269 324 3304 2
344 3248 404 3307 lam
419 3245 515 3308 turbae
532 3247 676 3332 incipiunt
697 3271 714 3311 a

268 3358 370 3415 nuntio
392 3357 426 3415 de
442 3359 532 3438 patris
549 3358 681 3420 adventu.

312 3479 324 3536 3
359 3460 394 3519 Iu
416 3464 465 3522 hac
484 3463 594 3544 scena(
615 3465 711 3547 inquit

260 3566 352 3634 Doti.
364 3569 448 3650 Μηνὶ
461 3575 587 3634 currentis
600 3573 715 3656 officium

267 3677 305 3762 «β
315 3718 328 3746 ,
346 3677 451 3734 tendens
478 3681 516 3736 ad
533 3683 712 3757 perturbatio-

269 3803 327 3847 nem
351 3783 520 3860 Antiphonis.
549 3782 608 3842 Hic
623 3787 714 3865 patris

271 3893 452 3965 reverentia,
473 3890 571 3977 suique
606 3899 716 3974 peccati

272 4000 446 4063 conscientia
464 4004 558 4064 viffius,
576 4003 683 4087 fugiet,
698 4027 715 4065 a

269 4126 350 4194 patin
377 4110 521 4176 abfuimus
553 4111 642 4200 usque
678 4115 714 4178 ad

795 2721 960 2802 uiugooqv.
985 2720 1123 2782 Phaedria
1144 2719 1237 2783 confi·

796 2831 909 2889 dentior
929 2851 993 2890 cum
1015 2830 1093 2890 Geta
1115 2831 1235 2900 restant,

794 2927 874 2990 illius
896 2953 943 3012 ap.
965 2950 1077 3014 patrem
1100 2927 1234 2988 defenso-

794 3057 849 3096 rcs.

835 3169 854 3218 4
879 3143 983 3204 Casum
1006 3163 1137 3228 quartum
1157 3144 1236 3202 anti-

795 3272 851 3333 que
868 3251 902 3309 fic
922 3249 1008 3310 verbo
1024 3251 1105 3333 iungi
1120 3248 1236 3313 volunt,

796 3366 824 3418 &
832 3358 970 3419 illustrant
978 3380 1011 3417 ex
1023 3358 1128 3418 Lucilii
1136 3356 1237 3438 fragm.

793 3467 897 3565 incerti
907 3465 974 3527 libri
987 3488 996 3541 3
1008 3490 1074 3548 quae
1088 3490 1127 3526 res
1142 3489 1179 3525 me
1190 3469 1238 3525 im·

793 3579 889 3657 pendet
914 3583 967 3636 &c.
990 3576 1045 3637 Sed
1069 3573 1167 3634 Festus
1186 3573 1239 3631 ad-

797 3702 879 3742 notat
895 3703 902 3738 :
924 3703 969 3741 me
977 3704 1027 3762 pro
1041 3681 1111 3740 mihi
1123 3680 1244 3739 dicebant

794 3786 908 3864 antiqui·
922 3783 1034 3863 Quidni
1051 3785 1149 3863 potius
1162 3783 1244 3863 legas

798 3899 837 3955 mi
847 3898 864 3953 ?
884 3895 955 3954 Ter.
972 3893 1000 3953 h.
1020 3892 1040 3951 l.
1059 3893 1188 3973 cxpressit
1206 3894 1242 3950 si-

796 4002 898 4064 milem
916 4002 1013 4062 locum
1037 3999 1129 4061 Plauti
1154 4002 1244 4081 Epid.

797 4113 833 4192 1,
861 4135 892 4190 ι,
915 4133 951 4191 75
984 4108 1026 4196 sq.
1044 4103 1097 4173 ubi
1117 4108 1243 4171 dicitui:
