2809 5234
833 960 1608 1061 'ANDRIA
2119 992 2381 1082 '49.

358 1130 467 1202 An
513 1151 656 1211 non
696 1119 833 1199 dixi
878 1125 1016 1200 hoc
1053 1125 1183 1199 effe
1224 1123 1584 1198 futurum?
1624 1126 1735 1214 ‚12
1770 1117 1954 1195 dixti.
1998 1120 2081 1196 P.
2128 1121 2296 1221 quid

702 1252 1023 1326 meritus?
1071 1256 1173 1325 D2
1202 1274 1495 1325 crucem.
1564 1250 1571 1258 ’
2209 1268 2286 1344 ις

360 1379 489 1453 Sed
521 1377 653 1453 fine
691 1378 1024 1475 paululum
1052 1376 1136 1448 ad
1165 1400 1272 1446 me
1309 1362 1621 1474 redeam}
1659 1371 1795 1445 iam
1815 1368 2066 1470 aliquid
2092 1368 2300 1469 dispi-

704 1503 900 1578 ciam.
958 1503 1043 1575 P.
1091 1498 1200 1573 hei
1252 1499 1463 1587 mihi,

369 1640 394 1678 ¹
432 1627 608 1700 Cum
638 1651 778 1698 non
824 1627 1041 1727 habeo
1087 1622 1361 1721 spatium
1384 1677 1409 1714 ,
1443 1642 1516 1697 ut
1542 1623 1625 1698 de
1653 1639 1719 1697 te
1758 1623 2013 1696 sumam
2049 1619 2302 1720 suppli·

707 1751 889 1823 cium
922 1802 947 1839 ,
970 1765 1044 1822 ut
1067 1749 1238 1821 volo
1263 1773 1282 1816 t
1372 1834 1376 1838 ᾗ

345 1875 677 1974 'Namque
720 1877 934 1948 hocce
978 1891 1275 1969 tempus,
1301 1897 1701 1972 praecavere
1735 1871 1903 1946 mihi
1947 1894 2095 1962 me,
2127 1866 2305 1943 haud

688 1988 776 2074 'te
821 1998 1095 2088 ulcisci,
1136 1997 1286 2070 sinit
1319 2011 1380 2070 2..

554 2201 1073 2274 AcTUs
1151 2200 1350 2283 JV.
1446 2175 1955 2306 scssfNA
2051 2201 2114 2272 Ι.

377 2353 1010 2479 emmaus,
1088 2388 1804 2477 PAMPH1LUS,
1882 2340 2305 2459 nivu's.

388 2649 457 2715 C.
486 2547 932 2721 HOccine
975 2643 1092 2715 est·
1121 2646 1476 2737 credibile,
1521 2664 1633 2719 aut
1674 2646 2150 2738 memorabile,

385 2769 605 2840 Tanta
640 2768 957 2855 vecordia
1002 2768 1221 2841 innata
1260 2771 1567 2866 cuiquam
1605 2790 1680 2844 ut
1720 2772 1879 2861 fiet,

388 2895 487 2965 Ut
511 2892 701 2966 malis
738 2905 764 2956 3
802 2890 1133 2990 gaudeant
1163 2907 1195 2952 4
1225 2891 1485 2978 alienis,
1518 2914 1714 2993 atque
1746 2923 1828 2968 ex
1863 2893 2318 2970 incommodis
2348 2944 2357 2954 ·

388 3017 674 3092 Alterius
719 3017 830 3091 sua
876 3032 950 3088 ut
1000 3034 1392 3112 comparent
1440 3006 1852 3092 commoda?
1899 3020 2022 3110 ah,

264 3132 270 3137 ’
389 3142 550 3219 Idne
594 3142 687 3219 est
724 3167 955 3229 verum
994 3156 1014 3206 5
1051 3139 1254 3216 iimo
1293 3141 1365 3214 id
1402 3141 1497 3222 est
1535 3167 1740 3242 genus
1782 3142 2126 3231 hominum
2166 3145 2320 3243 pesg-

731 3268 987 3341 sumum
1014 3309 1040 3358 ,-
1169 3336 1180 3347 .
1616 3367 1627 3381 ν
2279 3290 2314 3366 5

489 3499 518 3575 ‚¹
548 3480 638 3542 AJ.
662 3478 831 3544 MSS.
855 3481 1057 3544 &edd.
1076 3502 1185 3545 cur.
1419 3482 1640 3547 &mox
1671 3495 1945 3564 comparet.
1983 3480 2067 3544 Ita
2091 3482 2155 3545 &
2191 3504 2321 3549 cum

472 3606 509 3646 2
560 3585 986 3649 Transiiciuntur
1015 3588 1073 3648 h.
1109 3590 1143 3649 1.
1174 3589 1295 3650 dis-
1410 3605 1550 3648 vett.
1577 3585 1867 3673 nonnullae
1897 3586 2157 3656 editiones
2186 3588 2324 3651 Iun·

391 3693 611 3769 iuncta,
643 3695 796 3778 quod
841 3693 945 3766 fit,
981 3695 1074 3755 ubi
1119 3701 1176 3754 ’1ο
1201 3696 1305 3777 fid
1417 3697 1577 3754 tinae.

396 3805 674 3887 omittitur.
713 3800 848 3862 Sino
884 3819 1067 3863 autem
1089 3800 1167 3862 est
1186 3824 1295 3864 non
1323 3845 1333 3855 ·
1496 3824 1537 3879 4
1561 3800 1661 3865 Al.
1695 3803 1955 3866 omitmnt
1981 3805 2194 3871 alienis.

395 3927 518 3969 veto
535 3954 554 3983 ,
579 3909 643 3969 &
664 3909 935 3987 haudfino
958 3906 1038 3970 est
1055 3926 1193 3969 veto.
1214 3910 1301 3971 Ita
1502 3927 1529 3990 ς
1590 3907 1695 3970 Rei
1743 3914 2025 3975 atrocitate
2092 3914 2329 3995 percitus

254 4012 263 4021 '
401 4014 462 4075 h.
504 4014 540 4074 1.
583 4011 812 4074 alterum
855 4013 1040 4084 iubet,
1075 4012 1305 4073 alterum
1421 4011 1681 4096 suspirans
1700 4015 1850 4099 quasi
1877 4017 2121 4078 dubitare
2144 4016 2329 4078 secum

400 4137 555 4184 vetat
569 4137 803 4202 tempus,
824 4115 916 4178 Sic
942 4115 1170 4178 Phaedr.
1191 4117 1305 4193 IV,
1420 4118 1636 4181 videtur
1649 4163 1684 4191 ,
1706 4118 1892 4182 fierine
1922 4120 2119 4202 poffit,
2136 4139 2196 4180 ut
2213 4123 2330 4184 ho·

409 4249 506 4309 17,
535 4247 624 4310 31.
658 4229 791 4288 Non
821 4240 941 4285 veto
965 4223 1195 4295 dimitti,
1217 4245 1306 4283 νε·
1421 4226 1602 4286 mines
1639 4223 1741 4287 sint
1767 4226 2030 4287 eiusmodi
2060 4272 2080 4302 ‚
2112 4227 2331 4309 qualem

398 4315 522 4399 rum·
544 4335 765 4396 cruciari
780 4333 948 4416 fiune.
1421 4331 1533 4418 ipse
1550 4331 1897 4428 Pamphilum
1925 4349 2176 4417 expertus
2197 4351 2335 4400 erat.

482 4460 515 4528 3
561 4440 725 4508 MSS.
773 4441 997 4527 quidam
1036 4442 1268 4526 gaudeat
1283 4484 1309 4520 ,
1819 4521 1897 4599 D
