2809 5234
263 524 328 598 118
498 523 540 598 P.
596 516 988 594 TERENTII

257 688 299 759 S.
324 683 377 759 Di
394 683 458 759 tibi
476 737 488 775 ,
507 685 664 768 Demea,
679 705 804 756 omnes
823 679 957 781 semper
969 677 1088 756 om'nia
1101 699 1226 782 optate

460 802 633 879 offerant!

141 950 145 959 ·
177 963 182 971 ·
259 933 315 1004 M.
340 932 449 1028 Syre,
470 923 655 1024 proceffisti
681 922 790 998 hodie
808 921 964 1023 pulchre.
977 925 1028 1003 D.
1044 924 1226 1029 sequidem

457 1073 590 1146 porro,
610 1045 751 1135 Micio,

259 1170 318 1244 Tu
355 1188 455 1243 tuum
482 1171 637 1242 officium
657 1181 666 1213 ¹
687 1167 812 1258 facies,
842 1184 948 1267 atque
976 1166 1060 1243 huic
1093 1167 1225 1269 aliquid

450 1296 629 1392 paululum
658 1318 741 1390 prae
773 1317 880 1365 manu

261 1416 436 1510 Dederis,
463 1417 556 1489 unde
574 1432 694 1490 utatur
710 1430 737 1491 ².
754 1415 876 1494 reddet
889 1413 955 1489 tibi
974 1415 1061 1502 cito,
1076 1418 1129 1492 M.
1140 1413 1228 1492 istoc

457 1539 571 1614 vilius.

261 1669 324 1742 Ac.
342 1666 443 1765 Frugi
465 1666 574 1740 homo
592 1662 651 1738 est
670 1667 712 1739 S.
726 1662 868 1737 reddam
882 1659 1024 1754 hercle,
1044 1663 1089 1738 da
1105 1664 1228 1741 modo.

450 1800 504 1865 Ae.
526 1815 615 1888 age,
637 1807 746 1887 pater.
761 1793 814 1863 M.
838 1787 916 1885 post
930 1786 1117 1862 consulam.
1179 1809 1223 1884 ²5

133 1910 141 1929 ⁸
262 1931 308 1998 D.
325 1921 437 1997 Faciet
458 1939 481 1995 ι.
506 1933 539 1993 5.
560 1944 584 1992 o
604 1919 661 1992 vir
680 1913 838 2015 optime!
864 1916 927 1989 Ae.
947 1936 971 1989 0
990 1930 1089 2011 pater
1109 1912 1159 1985 mi
1177 1911 1226 1985 fe·

278 2020 282 2033 x
458 2039 659 2114 stiviffime!

263 2175 322 2246 M.
349 2170 447 2265 Quid
469 2166 590 2241 istuc?
615 2190 706 2266 quae
740 2191 796 2242 res
829 2185 899 2243 tam
928 2183 1074 2266 repente
1111 2191 1227 2243 mores

464 2289 614 2365 mutavit
641 2306 724 2364 tuos
740 2290 784 2364 ⁴?

262 2550 415 2626 Demeae,
450 2570 506 2635 qua
536 2552 708 2633 pretiuma
763 2546 765 2550 ¹
830 2547 983 2631 4Mitatur
994 2550 1106 2613 tandem
1120 2546 1230 2628 Micio,

263 2658 394 2718 Micione
407 2678 462 2740 pro
476 2657 592 2740 psalmia
608 2683 707 2722 nume·
788 2657 941 2730 Demeam,
963 2681 1026 2720 cum
1045 2659 1182 2719 Micionis
1194 2658 1232 2719 li-

263 2762 707 2849 tatumipfirestituerepromit-
789 2766 965 2829 beralitatem
986 2760 1129 2841 tentasset,
1144 2768 1237 2830 etiam
1284 2808 1287 2813 ·

265 2874 318 2945 tit,
335 2894 370 2931 ne
390 2875 451 2954 ipse
470 2875 597 2937 videatur
612 2873 708 2935 emiffe

266 2981 388 3040 amicam
407 2979 478 3041 filio.

791 2878 826 2937 de
846 2875 896 2937 suo
916 2879 1140 2957 promittere3&
1156 2875 1232 2934 unde

695 3002 698 3009 ·
787 2982 834 3039 isti
870 2980 940 3041 haec
970 3003 1085 3041 morum
1111 2982 1232 3041 mutatio

308 3105 321 3143 ι
356 3084 446 3179 Ωἱιφά
477 3094 534 3144 erit
560 3101 705 3163 patrono·

264 3204 345 3261 mm,
361 3168 479 3248 lib0⁸m0s
498 3208 558 3246 non
571 3176 704 3247 deserere.

307 3287 705 3374 28icplenius,qumnPlaut.

265 3398 369 3461 Bacch.
392 3398 454 3472 lV,
477 3421 514 3476 3,
531 3420 560 3469 9.

309 3526 323 3583 3
339 3505 412 3564 Satis
426 3491 504 3563 certo
517 3506 548 3564 id
559 3505 657 3588 letgiri
666 3506 708 3566 vi-

266 3611 348 3672 detur
366 3611 400 3669 de
419 3609 558 3671 Micione.
574 3610 631 3672 sed
645 3632 710 3671 cre·
729 3608 732 3614 ’

268 3712 376 3784 dimus,
390 3715 468 3795 quod
482 3735 515 3772 ex
529 3739 567 3773 ιο
581 3720 641 3777 istis
651 3720 709 3778 mi·

267 3819 341 3891 nis,
366 3820 464 3901 quanti
494 3841 555 3879 non
584 3828 713 3886 constare

268 3945 383 4006 poterat
406 3925 546 4009 Phrygia,
572 3928 712 4011 supereffe

269 4032 376 4111 potuit,
390 4051 425 4090 eo
442 4036 572 4096 comem
583 4033 712 4111 volume,

786 3079 1233 3168 evenetit3quaame·Tcr.hunc

788 3187 895 3244 exitum
907 3186 1028 3260 invenit,
1041 3209 1071 3247 ut
1080 3191 1232 3271 quomodo

788 3288 900 3347 Demea
917 3286 950 3345 de
966 3289 1062 3369 rigore
1080 3287 1129 3346 suo
1145 3294 1231 3347 remi-

786 3391 847 3457 [effe
860 3394 1006 3458 videbatur
1018 3409 1027 3473 ,¹
1042 3401 1083 3461 ita
1096 3400 1181 3460 etiam
1195 3401 1230 3459 ab

788 3526 842 3579 eo,
862 3505 1002 3590 quidquid
1021 3504 1115 3567 fratris
1132 3507 1232 3568 indul-

793 3614 891 3695 gentia
910 3612 1000 3673 adhuc
1017 3615 1111 3695 potnit
1126 3613 1233 3675 admiss

789 3718 970 3792 sumvideri,
981 3723 1177 3803 corrigeretur.
1190 3723 1235 3785 Ita

794 3848 883 3909 poeta
896 3829 969 3889 hanc
979 3828 1118 3899 fabulam,
1132 3848 1204 3908 quae
1217 3851 1235 3890 a

794 3933 965 4010 φιλιδὶλφιι
976 3932 1110 3993 Aeschini
1126 3954 1236 3994 nomen

796 4039 878 4102 traxit
895 4038 1028 4120 Adelphi,
1053 4058 1089 4100 eo
1114 4038 1237 4114 direxit,
