2809 5234
1027 932 1759 1073 ANDmAa‘
2239 983 2331 1062 75

383 1125 569 1220 ‚Nam
594 1180 619 1220 ,
659 1145 789 1225 ego
844 1147 1020 1223 quae
1070 1139 1093 1174 1
1158 1124 1321 1199 dico
1344 1177 1367 1215 ,
1412 1151 1620 1217 vera,
1663 1148 1749 1198 an
1793 1119 1952 1196 falsa
1999 1090 2287 1198 audieris
2313 1176 2344 1216 ,

735 1250 868 1322 iam
922 1248 1068 1324 sciri
1109 1250 1374 1349 potest:

391 1374 652 1450 Atticus
692 1373 970 1474 quidam
1004 1372 1171 1448 olim
1209 1375 1370 1470 navi
1413 1375 1616 1454 ἔπειθε
1644 1377 1728 1452 ad
1759 1375 2068 1450 Andrum
2096 1373 2345 1451 eieaus

732 1498 875 1590 est,
2247 1524 2339 1576 20

386 1628 475 1700 Et
532 1623 782 1700 isthaec
824 1646 955 1698 una
1001 1645 1212 1721 parva
1262 1617 1487 1722 virgo.
1552 1635 1697 1695 tum
1742 1616 1862 1695 ille
1902 1641 2105 1720 egens
2156 1621 2341 1702 forte

732 1749 1021 1849 applicat
1135 1771 1148 1782 “

387 1874 689 1952 Primum
714 1876 799 1950 ad
823 1872 1170 1974 Chrysidis
1198 1889 1454 1973 patrem
1486 1872 1572 1946 se.
1598 1879 1676 1946 S.
1702 1871 2040 1948 fabulam
2021 1891 2338 1976 mceptat.

735 2004 845 2074 Ch.
892 2000 1053 2074 fine.

392 2129 495 2202 Cr.
534 2129 713 2201 Itane
740 2151 911 2200 vero
952 2123 1317 2198 obturbat?
1372 2127 1490 2198 Ch.
1525 2147 1747 2224 perge.
1789 2129 1890 2199 Cr.
1917 2141 2061 2198 tum
2089 2124 2143 2200 is
2169 2122 2336 2200 mihi

725 2273 1048 2350 cognatus
1098 2249 1271 2342 fuit,

373 2374 529 2470 Qui
578 2401 737 2450 eum
788 2374 1063 2475 recepit.
1127 2375 1219 2448 ibi
1266 2399 1421 2476 ego
1444 2373 1674 2452 audivi
1718 2400 1802 2449 ex
1826 2374 1968 2449 illo
2022 2374 2153 2450 sese
2200 2373 2339 2451 effe

725 2499 1050 2574 Atticum.

383 2625 445 2695 Is
471 2621 567 2695 ibi
593 2644 899 2695 mortuus
933 2622 1047 2695 est.
1094 2627 1208 2698 Clz.
1245 2622 1388 2696 eius
1423 2623 1734 2698 nomen?
1789 2627 1890 2699 Cr.
1918 2648 2170 2699 nomen
2199 2641 2336 2700 tam

726 2744 865 2819 cito
901 2745 1070 2817 tibi?
2241 2769 2328 2847 25

382 2866 631 2942 Phania
664 2881 717 2943 ².
747 2874 858 2941 Ch.
900 2868 1097 2956 hem,
1125 2866 1292 2964 perii
1327 2868 1395 2941 3!
1432 2874 1532 2945 Cr.
1565 2895 1805 2947 verum
1833 2871 2056 2945 hercle
2083 2872 2341 2969 opinor

725 2993 917 3067 fuisse
973 2992 1310 3065 Phaniam.

386 3117 547 3192 Hoc
587 3134 774 3193 certo
816 3115 1519 3203 scio‚Rbamnus1um
1573 3116 1639 3194 se
1677 3117 1888 3191 aiebat
1931 3116 2082 3193 effe.
2135 3121 2247 3192 Ch.
2283 3141 2335 3192 o

723 3240 1013 3339 Iupiter!

391 3363 492 3431 Cr.
533 3359 775 3432 Eadem
809 3362 1011 3448 haec,
1051 3361 1346 3436 Chreme
1374 3410 1396 3448 ,
1439 3360 1638 3436 multi
1662 3362 1768 3435 alii
1801 3362 1873 3435 in
1902 3363 2143 3436 Andro
2186 3379 2332 3435 tum

725 3485 1064 3561 audivere.
1117 3489 1231 3559 Ch.
1273 3485 1528 3559 utinam
1570 3486 1641 3559 id
1687 3485 1843 3576 fiet,

383 3605 593 3698 Quod
630 3605 846 3704 spere.
873 3609 1006 3681 eho
1039 3611 1147 3683 dic
1192 3608 1406 3702 mihi,
1433 3610 1598 3710 quid
1624 3635 1768 3683 eam
1798 3627 1939 3682 tum
1960 3664 1982 3697 ,
2014 3607 2266 3683 Crito?

381 3727 668 3801 Suamne
728 3729 941 3803 aiebat
998 3731 1187 3806 effe?
1265 3738 1369 3805 Cr.
1427 3760 1591 3808 non.
1647 3738 1757 3808 Ch.
1805 3736 2021 3828 quiam
2068 3735 2330 3835 igitur?

732 3850 829 3918 Cr.
876 3847 1093 3923 fratris
1126 3849 1353 3924 filiam.
2234 3864 2350 3952 30'

450 4022 475 4062 1
506 4002 601 4065 Al.
630 4004 751 4063 dixi
765 4028 791 4077 ;
814 4025 948 4063 mox
966 4027 1066 4086 pro
1086 4010 1269 4067 audie-
1430 4012 1545 4073 bet.
1582 4012 1735 4075 Alias
1756 4015 1836 4077 est
1859 4015 1893 4080 l.
1922 4014 2254 4099 desperantis
2274 4016 2330 4074 in

380 4097 457 4155 ris
497 4095 644 4160 Cod.
686 4096 881 4157 Bemb.
926 4100 1195 4160 audierim.
1232 4128 1236 4132 ·
1432 4105 1612 4165 subito
1655 4123 1857 4169 terrore
1883 4155 1903 4180 ,
1936 4110 1986 4167 -l.
2035 4107 2330 4166 dubitantis

451 4213 484 4252 2
535 4190 964 4267 Meditabundus
993 4192 1056 4253 &
1089 4192 1268 4254 adhuc
1433 4199 1547 4259 &m
1576 4199 1628 4260 h.
1650 4198 1682 4259 1.
1707 4197 1888 4259 affefii
1914 4196 2201 4279 repent'ino
2222 4197 2332 4257 bo-

352 4289 631 4351 'dubitans
648 4289 793 4350 dicit.
1432 4315 1539 4369 no,
1566 4295 1721 4375 quod
1759 4298 1861 4352 vix
1896 4290 2094 4374 sperari
2127 4298 2330 4382 pofuit.

466 4407 493 4467 3
538 4387 679 4448 Vox
708 4386 844 4448 haec
880 4387 1054 4448 subito
1088 4386 1270 4453 affeffi
1429 4389 1513 4451 Ita
1567 4391 1713 4450 enim
1758 4410 1931 4452 mox:
1985 4389 2228 4468 utinam,
2263 4391 2330 4451 id

378 4498 493 4540 non
526 4479 725 4562 ubique
760 4479 993 4543 eandem
1025 4481 1145 4542 vim
1180 4481 1271 4543 ha·
1416 4484 1496 4563 fit
1513 4527 1534 4554 ‚
1575 4483 1720 4565 quod
1738 4483 1914 4565 spero.
