2809 5234
1912 648 1923 663 1
2317 656 2325 663 ι

1633 665 1643 674 n

867 912 2027 1001 ARGUMENTUM
2375 950 2411 1030 5

460 1097 800 1178 exponere.
841 1084 1078 1154 interea
1110 1086 1409 1156 audierat
1438 1086 1692 1155 Demea
1716 1139 1742 1173 ,
1759 1086 1966 1178 suurn
1993 1112 2240 1182 quoque
2273 1095 2414 1164 Cte-

448 1206 790 1304 siphonem
836 1206 909 1273 in
960 1209 1256 1298 raptione
1296 1201 1545 1301 affuiffe
1587 1231 1613 1274 .·
1657 1208 1911 1299 iamque
1961 1230 2133 1277 totus
2172 1212 2244 1278 in
2269 1211 2418 1298 fer..

467 1356 675 1401 mento
708 1389 731 1422 ,
792 1356 868 1401 ut
915 1335 1106 1399 aiunt
1140 1381 1166 1419 ,
1213 1351 1345 1398 erat
1366 1380 1393 1416 ,
1441 1355 1582 1397 cum
1623 1329 1682 1396 ei
1737 1333 1937 1420 Syrus
1968 1381 1992 1414 ,
2029 1329 2249 1415 servus
2284 1360 2413 1404 va·

449 1451 757 1540 fer-rimus
787 1507 815 1540 ,
888 1453 1355 1523 mendaciolum
1415 1453 1737 1547 adspergit
1784 1474 1809 1518 .·
1868 1448 2096 1549 ventſj}
2155 1457 2408 1546 quidem

462 1607 600 1649 rure
633 1579 1103 1679 Ctesiphonem3
1117 1576 1245 1670 fid
1263 1573 1495 1674 ventſj}
1511 1629 1538 1663 ,
1564 1578 1966 1673 obiurgatum
1986 1576 2358 1668 Aeschinum
2379 1632 2407 1672 ,

465 1707 682 1813 multa
710 1705 768 1772 ei
793 1705 999 1771 medio
1012 1699 1167 1790 foro
1207 1704 1386 1801 mala
1427 1695 1659 1796 dixzffi
1678 1752 1707 1787 ,
1751 1700 1976 1769 deinde
2021 1695 2262 1796 rediiffi
2293 1727 2405 1772 rus

463 1831 536 1898 in
575 1828 1027 1924 praefift'uram
1054 1829 1277 1922 fitam.
1318 1833 1673 1898 lacrumare
1710 1829 1951 1920 gaudio
1995 1831 2231 1896 Demea
2250 1879 2280 1914 ,
2342 1851 2406 1899 et

457 1958 778 2049 gratulari
814 1951 949 2052 fibi
966 2006 993 2039 ,
1051 1954 1231 2045 quod
1271 1976 1476 2020 unum
1513 1951 1745 2038 saltim
1796 1952 2042 2020 haberet
2067 2003 2093 2039 ,
2147 1954 2221 2019 in
2271 1954 2401 2045 qud

452 2077 722 2168 exstaret
748 2098 1064 2170 paternae
1096 2072 1469 2165 severitatis
1511 2075 1898 2164 exemplum.
1953 2075 2106 2142 dam
2161 2097 2270 2142 rus
2301 2099 2398 2144 re-

449 2199 549 2266 dit
587 2251 612 2287 ,
685 2199 913 2267 incidit
980 2199 1053 2265 in
1103 2196 1449 2289 Hegionem
1482 2247 1507 2280 ,
1573 2221 1616 2262 a
1672 2220 1799 2286 quo
1850 2197 1926 2264 a'e
1986 2196 2396 2297 constuprata

438 2349 560 2415 per
593 2325 725 2393 va
756 2323 838 2391 ab
871 2321 1178 2413 Aeschino
1209 2321 1567 2412 Pamphila
1605 2321 1940 2414 intelligit.
1983 2322 2189 2388 denuo
2218 2345 2395 2388 com·

448 2465 659 2509 motus
683 2495 709 2529 ,
768 2445 921 2524 dum
963 2438 1235 2528 fratrem
1267 2494 1294 2528 ,
1350 2464 1425 2510 ut
1477 2442 1548 2508 in
1598 2467 1738 2508 eum
1808 2443 1970 2510 iram
2035 2465 2335 2511 evomeret
2360 2493 2389 2530 ,

453 2566 701 2658 quaerit
728 2616 754 2652 ,
823 2567 1077 2666 obvium
1147 2566 1373 2637 habuit
1433 2566 1882 2633 mercenarium
1928 2592 1970 2633 a
2010 2568 2172 2635 villa
2209 2619 2238 2654 ,
2299 2592 2389 2636 ex

446 2711 574 2778 quo
602 2681 971 2775 sciscitatus
1018 2684 1093 2752 de
1126 2685 1277 2772 filio
1296 2737 1322 2771 ,
1372 2686 1606 2777 accipit
1634 2735 1656 2770 ,
1687 2709 1821 2753 non
1863 2680 1975 2781 ff
2024 2688 2180 2758 ruri.
2219 2687 2385 2755 redit

444 2816 543 2882 ad
579 2818 809 2903 Syrum
830 2838 861 2896 ;
905 2837 949 2880 a
990 2835 1117 2905 quo
1163 2812 1220 2880 ei
1250 2810 1464 2902 rurfits
1508 2835 1748 2878 novum
1773 2813 2183 2909 =mendacium
2210 2861 2240 2896 ,
2266 2835 2382 2879 ve·-

441 2938 545 3004 lut
582 2929 715 3029 off'a
762 2934 834 3002 in
884 2959 956 3004 os
978 2985 1002 3022 ‚
1044 2959 1122 3003 ne
1168 2937 1439 3003 latraret
1468 2986 1495 3020 ,
1551 2933 1873 3002 obiicitur.
1929 2935 2215 3025 quaerit,
2266 2934 2381 3001 ubt'

424 3051 694 3141 fratrem
729 3057 985 3147 reperire
1031 3051 1272 3153 poffit:
1315 3057 1393 3124 id
1427 3081 1570 3124 vero
1607 3057 1702 3122 ita
1744 3050 2066 3123 indicavit
2112 3056 2381 3146 Syrus,

440 3202 516 3247 ut
556 3177 795 3267 infelix
811 3179 1020 3271 senex
1050 3231 1075 3269 ,
1103 3183 1255 3250 dum
1291 3182 1474 3250 illius
1509 3180 1710 3250 verbis
1740 3181 1942 3268 fidem
1979 3179 2210 3266 habet,
2263 3206 2380 3250 ne·-

439 3299 791 3390 quidquam
817 3323 1001 3368 omne
1023 3299 1328 3391 oppidum
1345 3299 1829 3391 perreptaverit.
1888 3299 2139 3366 Interea
2162 3299 2375 3368 Micio

438 3425 725 3492 omnium
766 3424 849 3493 ab
890 3429 1166 3522 Hegione
1218 3429 1444 3497 certior
1465 3423 1687 3514 fhHus
1714 3478 1737 3516 ,
1786 3424 2041 3518 ipsemet
2079 3427 2172 3493 ad
2215 3453 2370 3496 mu-

437 3550 614 3620 lieres
655 3549 975 3644 profiHus
1006 3605 1036 3640 ,
1102 3556 1377 3623 iacentes
1431 3553 1564 3622 iam
1614 3574 1674 3622 et
1721 3550 1994 3649 afflillas
2037 3573 2316 3622 erexerat
2344 3614 2374 3656 9

436 3673 726 3740 labantes
759 3695 818 3741 et
842 3674 1077 3742 dubias
1108 3676 1591 3764 confirmaverat
1621 3726 1646 3765 ,
1677 3677 1935 3776 tristitia
1976 3703 2051 3746 ac
2093 3704 2376 3750 moerore

437 3789 749 3877 confiHas
805 3821 1179 3867 recreaverat
1196 3850 1222 3884 ,
1238 3802 1577 3889 pollicitus
1610 3854 1637 3887 ,
1661 3802 1740 3892 fi
1780 3803 2105 3894 Aeschino
2157 3807 2371 3876 Pam-
2448 3874 2464 3881 -

425 3909 682 4000 philam
746 3935 1009 3978 uxorem
1069 3917 1394 3990 daturum.
1469 3924 1648 3991 venit
1710 3925 1985 3998 Demea.
2066 3932 2309 3997 clamor
2334 3981 2368 4015 ,

434 4025 724 4119 iurgium
742 4076 766 4114 ,
817 4028 1130 4103 convicia.
1173 4035 1364 4104 etiam
1404 4063 1475 4106 eo
1495 4040 1817 4130 praesente
1838 4099 1866 4134 ‚
1888 4045 2187 4137 servulus
2220 4049 2367 4138 qui-

432 4150 586 4218 dam
643 4148 1076 4248 Ctesiphonem
1122 4182 1247 4247 per
1295 4157 1788 4249 imprudentiam
1827 4170 2125 4235 nominat
2173 4191 2199 4235 .·
2252 4168 2364 4236 ille

431 4295 574 4338 cum
586 4271 811 4362 fiebito
843 4299 965 4365 per
993 4276 1125 4346 vim
1167 4277 1243 4346 in
1276 4281 1460 4348 aedes
1496 4280 1809 4376 inupiffit
1831 4336 1855 4371 ‚
1879 4312 2060 4377 quem
2092 4289 2367 4380 iampri-

432 4393 574 4464 dem
593 4398 873 4488 putabat
895 4423 1028 4470 rurt
1015 4397 1268 4491 fodere
1284 4453 1314 4494 ,
1356 4423 1478 4474 aut
1521 4425 1746 4498 arare,
1773 4426 1894 4473 aut
1925 4408 2179 4500 aliquid
2192 4406 2362 4500 firre

1786 4499 1945 4594 Az

2360 4718 2608 4808 ‘-
