2809 5234
159 850 190 888 ἢ·
276 743 368 840 162‘
548 762 1016 836 utrarum

351 964 633 1039 merus
686 967 728 1035 V.
777 963 1031 1069 scania
1081 961 1146 1032 ιι.

322 1142 879 1240 cunauan,'rua1s,
917 1147 1195 1221 erratas.

139 1330 142 1334 Ι
274 1287 491 1464 CJAPud
504 1374 730 1474 Antiphonem
744 1396 905 1476 uterque,
919 1395 1023 1449 mater
1035 1394 1068 1451 et
1081 1397 1200 1477 pater,

248 1609 250 1613 Ι
275 1506 379 1605 Quafi
394 1501 505 1578 dedita
519 1525 645 1598 opera,
666 1500 760 1574 domi
780 1518 888 1592 erant,
904 1525 939 1574 ut
954 1502 1046 1575 nullo
1064 1505 1174 1580 modo

275 1629 418 1706 introire
441 1622 567 1726 podem
579 1678 592 1714 ,
612 1623 694 1725 quin
714 1623 865 1700 viderent
888 1649 953 1699 me.
980 1627 1114 1700 interim

276 1757 373 1830 Dum
394 1772 468 1827 ante
491 1751 613 1826 ostium
628 1751 699 1842 sto,
716 1767 815 1824 notus
836 1750 918 1823 mihi
933 1752 1067 1848 quidam
1082 1751 1230 1830 obviam

279 1879 392 1953 Venit.
403 1878 460 1952 ubi
473 1876 560 1963 vidi,
571 1899 638 1975 ego
652 1899 706 1946 me
718 1875 752 1946 in
766 1875 867 1971 pedes
884 1888 920 1966 ²,
933 1893 1092 1973 quantum
1105 1901 1213 1974 queo,
1231 1905 1250 1980 5

280 2008 320 2076 ln
335 2002 545 2101 angiportum
566 2000 738 2097 quoddam
761 1998 949 2088 desertum,
967 2000 1044 2073 inde
1063 1999 1144 2074 item

281 2131 320 2199 ln
339 2125 449 2212 aliud,
467 2123 596 2197 indein
620 2123 717 2196 aliud.
738 2123 783 2195 ita
798 2122 1000 2196 miserrimus
1017 2137 1030 2221 ξ

282 2249 342 2324 Fui
361 2249 554 2348 fugitando,
575 2272 617 2320 ne
634 2246 707 2346 quis
724 2271 779 2320 me
795 2248 1020 2345 cognosceret.

285 2374 352 2446 sed
370 2371 417 2445 est
431 2396 473 2444 ne
486 2372 566 2445 haec
579 2371 703 2461 Thais,
717 2394 817 2469 quam
831 2369 959 2444 video?
973 2367 1041 2467 ipsa
1055 2364 1113 2440 est.
1128 2365 1260 2444 haereo

149 2587 155 2595 .
288 2495 382 2591 Quid
394 2493 524 2569 faciam.
536 2493 618 2594 quid
629 2521 702 2570 mea
714 2513 822 2569 autem
839 2494 876 2565 ⁴?
889 2493 970 2593 quid
979 2492 1078 2566 faciet
1087 2489 1191 2565 mihi?
1213 2518 1260 2569 ιο

292 2625 331 2693 Τ.
356 2619 530 2694 Adeamus.
545 2620 634 2694 bone
654 2619 707 2695 vir
720 2621 837 2706 Dore,
852 2619 941 2692 salve
959 2632 992 2689 5:
1009 2616 1061 2690 dic
1076 2615 1180 2703 mihi,

290 2739 513 2843 Aufugistin'?
532 2748 567 2818 C.
582 2746 679 2835 hera,
692 2745 822 2816 sudium.
840 2748 879 2816 T.
893 2739 984 2815 satin’
998 2743 1032 2813 id
1046 2741 1106 2813 tibi
1120 2740 1228 2836 placet
1242 2742 1259 2819 i

290 2869 429 2944 CNon.
453 2873 490 2942 T.
509 2868 631 2943 credin’
648 2891 681 2940 te
704 2867 840 2964 impune
861 2865 1077 2938 habiturum?
1109 2867 1145 2938 C.
1157 2889 1261 2941 unam

281 2980 291 2997 ⁸
461 2994 546 3068 hanc
568 2994 585 3041 ⁶
601 2991 737 3066 noxiam

335 3234 348 3275 ι
375 3211 495 3277 Causam
525 3210 614 3271 reddit
624 3256 626 3260 .
636 3228 741 3291 poeta,
804 3208 861 3270 liari
875 3209 981 3270 orditur
994 3232 1005 3286 3
1019 3230 1106 3292 eaque
1121 3231 1152 3271 re
1170 3230 1263 3273 occa·

290 3298 475 3390 quamebrem
492 3305 587 3365 habitu
601 3302 748 3375 Eunuchi,
808 3300 912 3363 sionem
922 3305 1032 3384 praebet
1042 3306 1128 3386 lepori
1139 3307 1264 3391 comico.

290 3402 320 3459 in
351 3421 408 3479 quo
439 3397 543 3458 facinus
577 3395 751 3470 admiserat,
809 3394 885 3455 Nam
893 3394 1027 3471 Chaerea,
1036 3395 1111 3478 quast
1122 3396 1216 3458 servus
1224 3400 1267 3460 es·

295 3487 419 3570 Chaerea
438 3504 638 3562 reverteretur,
664 3487 749 3547 adeo-
809 3485 1068 3569 set‚compellatus‚
1080 3489 1178 3552 eadem
1190 3489 1266 3573 figu-

295 3601 349 3660 que
364 3578 560 3662 agnosceretur.
590 3578 754 3661 Deprehen-
812 3600 841 3637 ra
857 3579 969 3654 ludens,
985 3604 1036 3662 pro
1049 3580 1129 3644 servo
1142 3579 1169 3641 se
1182 3584 1266 3663 gerit:

295 3671 337 3732 sus
352 3669 388 3730 tic
410 3671 441 3732 dt
458 3674 494 3732 ad
510 3671 665 3756 honestiora
688 3691 753 3731 mo·
811 3671 925 3749 fatetur,
946 3675 1083 3746 causatur,
1103 3675 1269 3756 deprecatur

297 3782 351 3837 tus,
362 3766 469 3842 nuptias
478 3767 589 3826 uitiatae
601 3766 751 3848 pollicetur.
811 3769 838 3826 in
850 3771 967 3832 modum
979 3771 1120 3848 servilem3
1129 3770 1163 3832 cf.
1172 3771 1265 3833 Andr.

340 3877 358 3916 2
378 3856 428 3915 int.
444 3858 559 3928 conieci.
809 3861 850 3938 V,
864 3885 898 3934 2,
911 3885 958 3924 22.

339 3947 526 4031 3h.l.1a·ii'us
542 3950 662 4011 omnino.
841 3952 1026 4035 ,6MS.Lips.
1040 3951 1206 4015 &Aleiatus
1219 3952 1266 4014 le·

338 4065 360 4120 4
375 4041 491 4124 Colligit
506 4040 534 4102 se
550 4043 636 4105 rursus
645 4067 679 4106 ex
691 4066 751 4107 tne-
812 4064 879 4128 gunt
891 4046 1082 4107 maleuuxam.
1099 4046 1220 4110 Naxium
1236 4047 1270 4110 h·

297 4148 326 4194 tu
340 4136 372 4197 δι
389 4135 578 4196 incertitudine
595 4136 730 4199 Chaerea.
812 4159 836 4198 e.
857 4137 965 4218 cuipam
980 4138 1068 4223 puscit
1083 4139 1116 4205 ἃ
1131 4136 1220 4203 seusus
1234 4138 1269 4205 &

227 4244 240 4258 ·
343 4229 466 4311 5ltonia
476 4229 653 4293 irascentibus
669 4230 753 4290 fami·
811 4246 939 4295 metrum.
1113 4251 1114 4254 ¹
