2809 5234
308 754 376 829 ψ
564 724 1047 801 ursinum

302 893 399 964 Itane
429 887 568 979 tandem
601 886 713 962 facere
742 883 910 984 bportet?
936 895 980 962 D.
1005 887 1051 961 sic
1075 882 1154 959 lunt
1176 902 1219 959 ¹:
1249 885 1277 963 ss

499 1011 643 1108 placeo,
664 1030 775 1084 utere.
862 1008 866 1016 ’

304 1143 344 1210 Δ.
368 1134 501 1209 Siccine
527 1134 619 1205 hunc
648 1133 810 1228 decipis?
831 1137 882 1205 D.
909 1131 1018 1203 immo
1039 1130 1133 1203 enim
1155 1153 1279 1228 verog

504 1257 686 1351 Antiph0‚
712 1256 767 1328 hic
796 1279 852 1326 me
874 1253 1032 1348 decipit:

303 1381 393 1453 Nam
408 1379 465 1452 hic
485 1403 539 1449 me
554 1376 750 1449 huiusmodi
768 1362 834 1476 elle
848 1374 995 1449 sciebat:
1010 1397 1077 1471 ego
1093 1373 1189 1469 hunc
1206 1377 1277 1452 effe

498 1503 598 1574 aliter
617 1503 757 1574 credidi.
991 1592 994 1596 Ι

302 1625 366 1700 lste
377 1651 433 1698 me
447 1623 569 1698 fefellit
581 1651 589 1693 ι
602 1650 668 1722 ego
683 1623 735 1698 illi
753 1626 864 1699 nihilo
881 1626 953 1699 sum
971 1627 1085 1715 aliter,
1095 1651 1136 1698 ac
1145 1626 1209 1701 fui.
1225 1647 1270 1721 45

304 1748 371 1819 Sed
381 1764 459 1818 utut
475 1745 559 1817 haec
577 1744 678 1834 lunt,
694 1730 811 1817 tamen
827 1745 896 1818 hoc
911 1744 1032 1817 faciant
1048 1767 1057 1812 :
1077 1768 1152 1817 cras
1172 1770 1273 1820 mane

497 1884 678 1963 argentum
702 1864 788 1936 mihi

167 1990 172 2001 '
302 1982 403 2057 Miles
423 1982 503 2056 dare
533 1983 566 2056 se
594 1984 713 2057 dixit:
747 1984 770 2056 si
794 1985 878 2057 mihi
907 1985 1004 2083 prior
1026 2002 1066 2058 tu
1091 1986 1274 2080 attuleris,

494 2105 689 2195 Phaedria,

302 2227 382 2300 Mea
398 2227 474 2326 lege
493 2246 600 2316 utar,
624 2246 664 2298 ut
689 2225 811 2323 potior
830 2223 898 2315 fit,
919 2225 980 2325 qui
999 2224 1097 2324 prior
1119 2226 1162 2309 ud
1179 2229 1273 2305 dan.

495 2350 581 2423 dum
596 2347 654 2419 est.
682 2347 762 2421 vale
780 2367 806 2420 ².
827 2342 832 2347 ’

387 2563 608 2633 ACTUS
658 2561 757 2633 ΙΙΙ.
804 2562 1032 2633 SCENA
1077 2566 1195 2640 1²1⁵,

366 2781 677 2872 PHAEDRlA,
715 2781 994 2870 ANTIPHO,
1027 2780 1197 2858 GETA.

299 2940 515 3166 P.QUid
530 3015 684 3101 faciam?
713 3028 804 3099 unde
835 3050 901 3123 ego
930 3051 1022 3098 nunc
1051 3042 1120 3097 tam
1148 3026 1269 3137 subito

492 3152 573 3222 huic
590 3165 771 3244 argentum
804 3146 979 3219 inveniam
1004 3145 1129 3238 miser,

296 3392 375 3477 quod
396 3412 454 3475 quo
472 3389 582 3469 turpius
603 3386 660 3457 est,
681 3383 737 3442 hoc
820 3380 895 3442 suam
913 3386 1027 3467 tegendi
1039 3379 1140 3446 'uerbis
1164 3389 1269 3469 phale-

294 3499 397 3558 melius
431 3497 567 3557 lenonem
602 3490 737 3573 designat.
819 3491 898 3549 ratis.
1026 3510 1031 3519 ·
1191 3494 1194 3499 '

292 3604 383 3665 Plaut.
398 3606 447 3665 suo
459 3606 548 3665 modo
564 3620 646 3684 auget
658 3597 732 3659 Pers.
857 3623 871 3656 2
896 3600 962 3658 Vale
977 3599 1006 3658 h.
1018 3599 1038 3661 l.
1054 3603 1092 3659 est
1110 3598 1266 3678 abeuntis,

292 3707 352 3777 Ill,
368 3729 423 3784 3²²
437 3707 477 3791 sq.
490 3711 549 3767 Euo
568 3708 650 3766 lutum
663 3707 734 3764 leno·
815 3725 844 3764 ut
863 3727 928 3764 cum
954 3708 1079 3779 dubiret,
1096 3727 1132 3766 un
1149 3705 1203 3770 P'n.
1218 3714 1264 3771 in·

290 3815 389 3882 niune,
411 3817 579 3873 cum-mitium
602 3835 730 3884 coenum,
813 3832 949 3873 venturus
969 3812 998 3870 lit
1019 3833 1187 3896 argentum,
1212 3816 1263 3878 sibi

285 3918 471 4000 sterquilinium
488 3920 630 3996 publicum.
788 3939 922 4000 practer
948 3919 1004 3975 hoc
1031 3915 1104 3976 nihil
1124 3938 1191 3977 cum
1223 3942 1261 3981 eo

335 4025 452 4084 1Leno
483 4043 576 4082 tumen
597 4024 624 4082 se
645 4027 727 4083 novit
810 4028 922 4107 negotii
937 4022 1059 4104 amplius
1083 4023 1157 4086 velle
1172 4028 1261 4110 signi.

288 4139 316 4191 δι
336 4132 452 4211 prodit,
470 4131 561 4211 qualis
575 4132 623 4190 est.
651 4129 730 4190 Aliis
812 4128 887 4190 ficet.

285 4234 408 4317 superest
430 4258 492 4314 ars,
522 4239 730 4320 turpitudinem
854 4235 976 4317 38ceua
992 4233 1062 4300 haec
1077 4233 1165 4306 habet
1187 4238 1260 4324 desp
