2809 5234
773 664 779 671 ‘
1651 669 1661 684 ι

643 913 2081 988 HEAUTONTIMORUMENOS.
2232 903 2371 1012 247·

451 1081 549 1153 61.
588 1074 793 1172 Quid·
808 1098 940 1175 ego
965 1076 1147 1151 feci?
1189 1078 1304 1150 Cb.
1330 1076 1549 1151 vidin’
1577 1100 1712 1174 ego
1743 1093 1809 1153 te
1842 1070 2057 1149 niodo
2098 1098 2370 1150 manum

793 1201 863 1272 in
905 1198 1118 1272 finum
1158 1196 1312 1272 huic
1358 1199 1691 1272 meretrici

458 1318 815 1411 ¹1ngerere
841 1307 871 1380 ἓ
900 1314 976 1380 S.
1015 1310 1156 1382 acta
1183 1308 1343 1381 haec
1370 1332 1475 1380 res
1496 1305 1625 1379 est!
1653 1306 1908 1402 perii&
1948 1310 2042 1379 ct.
2067 1329 2263 1381 mene
2294 1307 2376 1380 Ω

803 1438 909 1506 ch.
960 1431 1138 1505 hisce
1178 1431 1429 1519 oculss,
1470 1455 1554 1503 ne
1597 1432 1780 1528 nega.

459 1559 641 1635 Facis
684 1558 857 1631 adeo
907 1555 1232 1653 indigne
1213 1553 1520 1629 mim-iam
1563 1554 1707 1640 illi,
1735 1552 1852 1654 qui
1880 1577 2019 1629 non
2056 1551 2377 1631 abstineas

794 1704 1104 1753 manum:

458 1809 633 1878 Nam
677 1802 874 1879 istaec
921 1802 1190 1902 quidem
1239 1799 1654 1874 contumelia
1683 1796 1817 1891 est,
2160 1806 2189 1828 '·
2340 1825 2372 1902 ς

461 1914 828 2003 Hommem
871 1926 1160 2000 amicum
1189 1925 1489 2022 recipere
1526 1924 1613 1997 ad
1653 1941 1760 2013 te,
1803 1942 1997 2024 atquc
2044 1924 2184 2000 eius
2211 1924 2381 2000 ami-

798 2075 947 2124 cam
996 2047 1378 2149 subagitare.

463 2176 588 2253 Vel
612 2174 809 2252 heri
790 2201 860 2248 m
888 2174 1055 2250 vino
1079 2228 1102 2263 ‚
1132 2198 1331 2279 quam
1378 2171 1813 2247 immodestus
1855 2169 2087 2247 fumi?
2126 2178 2206 2248 S.
2240 2173 2382 2251 fine-⁶

801 2317 945 2375 tum
976 2316 1032 2372 ⁴.
1083 2301 1196 2372 ch.
1236 2322 1436 2396 quam
1478 2295 1842 2369 molestus?

464 2430 563 2498 Ut
602 2423 949 2523 equidem,
988 2423 1080 2495 ita
1126 2448 1233 2495 me
1277 2421 1372 2494 dii
1418 2440 1680 2511 ament,
1721 2421 1973 2515 metui,
2008 2422 2170 2522 quid
2205 2421 2388 2499 finu-
2511 2447 2523 2459 ·

805 2570 955 2621 rum
997 2545 1283 2645 denique
1321 2544 1501 2622 effet.

455 2671 663 2752 ,Novi
708 2692 840 2768 ego
880 2669 1235 2743 amantium
1275 2670 1610 2746 animum:
1649 2672 1944 2771 graviter
1976 2672 2336 2761 advertunt
2362 2721 2389 2761 ‚

814 2817 986 2891 quae
1031 2817 1169 2886 ncn
1214 2792 1499 2869 censeas.
1594 2836 1599 2843 ·

480 2923 575 2994 cl.
601 2923 689 2992 At
723 2916 885 2993 mihi
918 2913 1082 2990 fides
1106 2918 1279 3014 apud
1300 2919 1478 2993 hunc
1502 2916 1633 3011 est,
1661 2919 1824 2991 nihil
1850 2941 1960 2992 me
1985 2916 2163 2994 istius
2184 2918 2423 2996 factu:

808 3068 958 3115 rum
977 3093 1005 3131 ,
1051 3058 1253 3138 pater.
2302 3065 2391 3118 ιο

477 3171 587 3241 Ch.
639 3164 844 3253 Esto3
885 3183 953 3236 at
984 3176 1162 3239 certe
1214 3166 1539 3241 concedas
1574 3166 1801 3266 atiquo
1849 3165 1932 3240 ab
1981 3189 2106 3242 ore
2150 3190 2390 3243 eorum

816 3287 1294 3388 aliquantisper.

441 3488 446 3496 ,
479 3413 720 3487 Multa
734 3410 857 3488 fert
879 3398 1131 3486 libido·
1177 3441 1254 3489 ea
1288 3414 1504 3492 facere
1537 3419 1846 3516 prohibet
1876 3435 1984 3491 tua
2017 3411 2400 3513 praesentia.

478 3538 626 3637 Ego
663 3538 747 3613 de
790 3562 899 3611 me
933 3533 1114 3612 facio
1144 3543 1591 3634 coniecturam
1626 3559 1678 3619 5.
1723 3567 1928 3618 nemo
1966 3538 2064 3616 est
2086 3562 2395 3630 meorum

816 3661 1065 3746 hodie,
1097 3738 1107 3747 ,

569 3835 594 3875 1
629 3814 718 3877 Sic
738 3815 892 3878 cod.
925 3816 1125 3877 Bemb.
1151 3818 1378 3890 melius,
1403 3818 1409 3823 ’
1583 3837 1615 3900 3
1652 3816 1876 3902 Negans
1903 3818 1976 3883 fic
2005 3837 2186 3906 rogat.

482 3929 654 3992 quam
681 3909 830 3990 vulg.
864 3910 1094 3989 inserere.
1125 3909 1282 3970 Putat
1315 3931 1385 3970 e-
1582 3934 1626 3988 4
1673 3911 1957 3975 consentit
2005 3913 2192 3979 servus
2232 3917 2411 3996 patr&

482 4006 600 4064 nim
630 4020 780 4084 pater
792 4046 815 4075 ‚
854 3999 1032 4060 filium
1068 4002 1150 4075 id,
1183 4001 1382 4061 obtm-
1503 4023 1595 4083 ap.
1611 4022 1777 4085 quem
1798 4003 1900 4065 fibi
1920 4004 2089 4068 fidem
2109 4006 2215 4069 ess'e
2232 4011 2410 4088 cupit,

486 4097 669 4163 dendo
705 4094 799 4174 se,
832 4112 972 4158 cum
997 4095 1184 4157 iniuria
1218 4094 1383 4155 amici
1501 4111 1562 4159 ut
1598 4093 1804 4155 &cilius
1838 4095 1959 4157 falla
1961 4114 1999 4162 t.

482 4188 683 4254 fecisse.
1598 4207 1632 4270 ς
1658 4185 1867 4249 lterum
1892 4187 2054 4250 surdo
2073 4187 2313 4252 narrabit
2327 4188 2414 4253 fai

568 4308 607 4349 2
660 4283 840 4370 syrus
870 4282 1158 4367 despetat,
1206 4281 1398 4346 dolum
1513 4280 1704 4345 butam
1734 4286 2004 4360 monitam
2024 4282 2107 4348 cf..
2127 4283 2290 4367 snpra
2320 4283 2419 4359 11

491 4379 793 4464 procedere
813 4379 990 4464 poss'e
1518 4398 1731 4457 1210.

1874 4462 2045 4567 §24

2284 4660 2607 4800 ·Ι“
