2809 5234
2185 972 2263 1026 xl

332 1098 1221 1276 'zsssxdssiffissfzfflzsxff
1248 1108 2267 1255 Wtfflfflfflffl

337 1298 514 1361 ceptas
547 1277 839 1338 Phaedriae
873 1279 1053 1337 defit:
1081 1276 1169 1335 ille
1184 1239 1226 1350 ,’
1271 1276 1396 1335 noni
1421 1279 1499 1335 ad
1521 1217 1871 1358 citharisliiam
1903 1276 2267 1334 redimendam.

343 1361 553 1438 Quibus
611 1359 724 1441 estis
748 1360 952 1419 tandem
980 1359 1211 1418 Chremes
1233 1358 1642 1441 agnofiitfiliam
1693 1363 1815 1417 itam
1838 1357 2158 1419 coniuatlam
2173 1354 2270 1434 effi

321 1440 513 1522 ftatris
531 1382 671 1521 filio.
712 1441 891 1518 Quare
910 1443 1034 1499 dum
1058 1458 1254 1499 mutato
1276 1437 1482 1518 consilio
1511 1441 1643 1498 XX
1727 1440 1896 1498 minas
1929 1460 1966 1496 a
2001 1437 2272 1497 Phormio-.-

334 1547 401 1584 ne
432 1545 527 1605 per
559 1525 730 1581 rixam
774 1539 992 1583 conatur
1034 1523 1231 1603 exigere
1259 1543 1287 1595 ‚·
1320 1541 1422 1614 per
1446 1523 1657 1580 eundem
1681 1522 1922 1602 proditus
1963 1521 2117 1578 uxori
2136 1519 2271 1599 suae

341 1606 698 1686 Nausistratae
725 1606 793 1685 est
813 1622 832 1659 .·
854 1603 909 1663 ὅ·
927 1598 1107 1680 saelus
1125 1602 1359 1662 libiAEms
1384 1623 1503 1662 reus
1519 1647 1535 1674 ,
1575 1624 1678 1662 non
1705 1620 1827 1661 ante
1850 1603 2057 1660 veniam
2089 1601 2275 1660 meruit

338 1711 375 1747 a
418 1681 808 1762 matrefamilias
825 1729 845 1757 ,
921 1706 1042 1743 uam
1082 1684 1136 1744 ὃ·
1185 1684 1384 1741 XXX
1416 1685 1669 1743 minat-um
1685 1729 1703 1758 ,
1735 1684 1790 1744 6-
1835 1683 2027 1742 amoris
2060 1682 2275 1741 cithari-

329 1768 488 1853 striae
522 1767 728 1826 veniam
754 1765 872 1824 dedi
913 1783 964 1823 et
973 1764 1113 1842 filio.
1150 1762 1365 1823 Primus
1394 1769 1541 1824 attus
1576 1767 1643 1846 est
1669 1762 1732 1824 in⁸
1758 1764 2014 1846 colloquio
2036 1764 2194 1822 Davi
2216 1763 2272 1822 6·

344 1848 512 1909 Getae
534 1868 552 1905 .·
579 1867 679 1928 per
698 1868 828 1928 quos
849 1846 1000 1927 diliit
1009 1846 1240 1926 populus
1272 1864 1645 1928 argumentum.
1683 1847 1913 1906 Secundi
1948 1848 2094 1904 allus
2128 1863 2272 1904 tenor

339 1932 568 1994 continet
592 1930 873 1988 adventum
882 1928 1029 2006 senis
1050 1926 1393 1987 turbulentum
1409 1968 1428 1999 ,
1464 1927 1518 1987 δ’
1548 1927 1764 2007 eiusdem
1784 1927 2006 2009 iurgium
2031 1927 2276 2006 adversus

337 2011 532 2085 *Getam
561 2009 616 2069 ὃ·
644 2007 976 2069 Phaedriam.
1036 2009 1211 2067 Tertio
1249 2009 1389 2067 aflui
1430 2008 1728 2066 attribuitur
1771 2007 1994 2089 litigium
2026 2009 2173 2088 finis
2219 2007 2276 2066 e>
2306 2024 2323 2039 ¹

336 2091 686 2153 Phormionis.
724 2107 836 2150 tum
887 2086 1191 2169 consultatio
1230 2110 1349 2147 cum
1386 2089 1675 2147 advocatis.
1719 2107 1827 2148 tum
1857 2089 2179 2169 Antiphonis
2218 2091 2276 2146 in

324 2169 536 2256 ftenam
566 2173 760 2231 reAEtus
782 2193 801 2231 .·
835 2169 1246 2251 colloquiumque
1278 2191 1396 2230 cum
1439 2169 1597 2228 Geta.
1641 2187 1752 2228 tum
1795 2168 1992 2229 lenonis
2016 2170 2071 2230 ἃ·
2099 2169 2279 2228 Phae-

322 2256 481 2316 -driae
520 2253 829 2315 eoHuHatio.
866 2269 978 2311 tum
1014 2252 1303 2311 adhortatio
1342 2251 1510 2311 Getae
1543 2251 1606 2308 de
1643 2251 1948 2310 inveniendo
1967 2270 2174 2333 argento
2204 2251 2282 2309 ad

337 2336 679 2396 redimendam
715 2333 1005 2393 Phaedriae
1043 2333 1415 2414 citharistriam.
1473 2333 1734 2410 Quartum
1763 2334 1930 2391 aelam
1967 2333 2060 2414 isla
2101 2353 2280 2391 conce-

339 2418 577 2476 lebrant:
623 2418 878 2474 adventus
925 2416 1200 2474 Chremetis
1216 2433 1236 2470 .·
1279 2414 1600 2496 eiusdemque
1642 2434 1761 2473 cum
1784 2408 1954 2489 fiatre
1987 2412 2280 2471 deliberatio

335 2518 434 2578 per
476 2517 682 2556 errorem
723 2496 785 2553 de
817 2497 1067 2555 eiicienda
1101 2495 1329 2555 Phanio.
1373 2497 1543 2556 Getae
1575 2494 1731 2555 verba
1775 2496 1840 2553 de
1859 2490 2116 2571 fallendis
2142 2495 2280 2572 seni-

342 2579 456 2638 bus.
493 2577 811 2654 Antiphonis
834 2578 996 2634 oratio
1029 2579 1179 2656 apud
1186 2577 1511 2659 simeupsttm
1549 2577 1613 2635 de
1649 2596 1820 2635 amore
1855 2577 2138 2636 trablantis.
2164 2575 2281 2635 Ge-

345 2675 430 2717 tae
455 2657 624 2737 rursus
662 2676 778 2714 cum
800 2658 1012 2736 finibus
1038 2657 1231 2717 callida
1256 2704 1274 2732 ,
1304 2659 1359 2719 ὃ·
1386 2682 1509 2719 mox
1539 2679 1656 2718 cum
1677 2658 1980 2739 Antiphone
2008 2658 2071 2716 de
2106 2658 2281 2716 eadem

343 2740 502 2819 causa
522 2738 753 2818 strnplex
792 2738 1085 2818 disputatio.
1110 2741 1295 2818 senum
1318 2741 1454 2799 inter
1475 2742 1538 2822 ft
1570 2739 1880 2820 colloquium
1904 2741 1968 2798 de
1990 2740 2283 2820 expulsione

342 2818 592 2880 mulieris.
630 2819 687 2879 6·
720 2822 798 2879 ad
826 2838 1106 2879 extremum
1146 2821 1302 2879 verba
1331 2821 1608 2881 Chremetis
1636 2822 1955 2902 agnostentis
1989 2823 2237 2881 nutricem
2255 2863 2281 2890 ‚

337 2923 410 2961 ac
440 2923 539 2982 per
572 2923 683 2962 eam
708 2901 884 2980 filiam
904 2902 1061 2981 suam
1098 2923 1215 2960 cum
1256 2904 1558 2983 ‘Antiphone
1600 2905 1936 2961 coniunctam.
1981 2901 2052 2960 In
2101 2892 2280 2982 quinto

331 2987 458 3043 -atlu
482 3003 583 3064 per
600 2985 949 3064 Demiphonis
989 3005 1198 3043 errorem
1224 2982 1470 3044 Phormio
1497 2985 1694 3064 accipit
1721 3001 1986 3063 argentum
2027 2984 2162 3042 dotis
2184 3002 2281 3040 no-

341 3066 478 3123 mine
503 3084 522 3120 .·
558 3066 613 3125 6·
649 3065 953 3126 convenitur
980 3066 1313 3146 Naufisbata
1339 3112 1357 3139 ‚
1385 3086 1448 3125 ut
1470 3068 1611 3124 exire
1651 3070 1798 3126 domo
1839 3062 2110 3143 compellat
2136 3063 2284 3121 Pha-

340 3147 505 3206 nium.
538 3148 811 3205 nuntiatur
853 3147 1150 3226 Antiphoni
1193 3149 1250 3209 6·
1284 3146 1588 3207 Phormioni
1608 3168 1706 3228 per
1744 3145 1934 3204 Getam
1955 3189 1974 3217 ‚
2012 3143 2281 3202 Phanium

330 3249 381 3285 ·a
399 3245 550 3306 patre
573 3229 806 3310 agnitam
822 3271 840 3299 ‚
874 3227 1269 3311 permtffamque
1306 3247 1369 3289 ut
1416 3250 1552 3288 uxor
1581 3231 1844 3289 habeatur.
1883 3247 2015 3306 quae
2043 3247 2158 3282 cum
2201 3226 2280 3282 ita

335 3326 509 3388 nupta
532 3307 611 3385 fit
635 3354 653 3383 ,
700 3310 995 3391 exposeitur
1023 3329 1288 3391 argentum
1324 3333 1361 3369 a
1404 3310 1713 3370 Phormione
1731 3330 1831 3392 per
1870 3311 2039 3365 rixam
2051 3307 2234 3387 finum
2255 3326 2279 3361 .-

339 3409 381 3445 ·a
416 3390 606 3482 quibus
628 3389 719 3450 ille
745 3387 1005 3471 oppreffus
1026 3434 1045 3463 ‚
1079 3412 1182 3452 rem
1210 3413 1408 3451 omnem
1432 3395 1600 3473 aperit
1637 3390 2010 3472 Naufislratae.
2048 3389 2125 3445 ad
2144 3387 2288 3467 quod

335 3489 563 3550 primum
593 3474 770 3545 irata,
811 3491 872 3531 ut
892 3473 952 3532 in
974 3471 1073 3532 tali
1111 3495 1199 3546 re,
1224 3494 1398 3547 uxor,
1432 3496 1556 3534 mox
1597 3473 1788 3534 lenitur
1815 3475 1871 3531 in
1896 3471 2011 3550 fine
2024 3466 2278 3547 fabulae:

344 3551 403 3610 δ·
438 3553 737 3632 tutiffimum
771 3578 808 3614 a
822 3558 995 3636 patris
1023 3557 1297 3616 iracundia
1327 3559 1558 3638 praestat
1587 3555 1919 3615 Phaedriam.

498 3715 879 3789 DONATI
946 3713 1452 3792 PROLOGUS
1506 3719 1603 3793 IN
1651 3718 2135 3826 HECYRAM.

350 3836 493 3949 H
477 3892 596 3949 Aec
612 3886 806 3967 sabula
824 3936 840 3963 ,
874 3892 1185 3972 Apollodori
1217 3892 1312 3970 ff
1353 3896 1547 3956 dicitur
1577 3895 1783 3957 Graeca
1805 3920 1823 3956 .·
1845 3922 1966 3958 nam
2001 3899 2056 3958 6·
2085 3898 2196 3977 ipfit
2225 3898 2281 3958 δ’

346 3971 594 4032 Phormio
618 3972 685 4029 ab
724 3973 893 4031 eodem
929 3975 1171 4032 dicuntur
1194 3973 1289 4051 ff
1317 3979 1592 4058 translatae
1616 3999 1632 4036 .·
1665 3999 1781 4038 cum
1815 3982 2039 4060 reliquae
2066 3998 2285 4056 quatuor

330 4055 448 4135 fint
489 4054 777 4112 Menandri
813 4055 1011 4114 comici.
1052 4055 1272 4132 Hecyra
1310 4075 1484 4115 autem
1518 4060 1709 4118 dicitur
1738 4061 1850 4120 ideo
1875 4108 1892 4134 ,
1928 4063 2052 4141 quia
2077 4079 2172 4135 per
2194 4064 2284 4140 so·-

345 4157 467 4196 crus
491 4135 545 4194 δ’
558 4138 765 4218 soceros
788 4138 844 4195 in
871 4160 933 4196 ea
957 4153 1203 4219 geruntur
1226 4138 1409 4196 multa.
1433 4140 1585 4197 Nam
1607 4141 1662 4201 ἃ·
1681 4166 1850 4223 nugae
1875 4153 1928 4201 &
1951 4165 2102 4219 unga
2116 4138 2283 4218 soceri

346 4240 529 4278 nomen
559 4263 575 4291 ,
588 4218 862 4300 sonusque
881 4219 1203 4301 significant.
1256 4220 1354 4300 Est
1391 4239 1566 4281 autem
1601 4225 1770 4282 mixta
1802 4225 2029 4282 motoriis
2051 4222 2244 4279 affibus
2260 4265 2279 4292 ,

345 4321 412 4358 ac
480 4301 666 4359 atariis
686 4320 705 4358 .·
729 4301 1043 4381 multumque
1054 4300 1423 4382 sententiarum
1447 4303 1503 4362 6³
1523 4306 1813 4386 figurarum
1851 4304 2076 4362 continet
2097 4304 2154 4361 in
2175 4319 2281 4360 toto

331 4383 428 4463 sty
447 4384 495 4440 o.
536 4384 695 4441 Unde
739 4405 855 4443 cum
902 4383 1109 4442 delet‘let
1138 4381 1424 4464 plurimum
1443 4428 1460 4457 ‚
1505 4406 1610 4444 non
1649 4385 1820 4444 minus
1860 4384 2104 4446 utilitatis
2131 4383 2280 4465 affert

331 4464 721 4544 spectatoribus.
782 4469 962 4548 Atque
1001 4466 1058 4525 in
1088 4466 1187 4527 hac
1211 4467 1415 4547 primae
1437 4484 1619 4548 partes
1632 4465 1765 4549 sunt
1785 4467 2028 4531 Lachetis
2043 4513 2063 4546 ‚
2084 4470 2276 4553 sicun-
