2809 5234
213 656 232 695 Ι*Ι

995 921 1726 999 'ADELPHL'
2160 942 2339 1021 „75

416 1091 534 1162 Me
582 1111 669 1160 ex
726 1087 853 1160 hac
908 1087 1270 1183 expediam
1324 1068 1530 1158 turba
1581 1086 1839 1158 tanta?
1897 1098 2091 1157 tanta
2154 1108 2344 1159 nunc

810 1209 1108 1309 suspicio
2086 1309 2091 1314 ι
2301 1232 2335 1307 5
2389 1205 2397 1217 ⁹

412 1333 529 1407 De
570 1358 685 1408 me
720 1333 961 1408 incidit
990 1389 1015 1426 ,
1058 1359 1286 1434 neque
1330 1358 1413 1408 ea
1450 1330 1827 1407 immerito·
1865 1328 2168 1406 Sostrata
2196 1355 2345 1405 cre-

787 1434 892 1534 dit
920 1515 943 1552 ,
988 1461 1159 1534 mihi

413 1587 529 1656 Me
552 1582 899 1681 psaltriam
937 1587 1113 1660 hanc
1150 1584 1383 1660 emiffe
1406 1611 1430 1661 ε
1456 1584 1532 1659 id
1555 1608 1725 1658 anus
1756 1600 1779 1634 ⁸
1813 1583 1980 1658 fecit
2012 1582 2348 1657 indicium

785 1709 976 1790 mihi.

411 1830 590 1901 Nam
641 1849 721 1903 ut
769 1830 932 1905 hinc
971 1830 1157 1908 forte
1204 1856 1287 1906 ea
1314 1831 1403 1906 ad
1444 1828 1885 1904 obstetricem
1925 1825 2116 1901 miffa
2146 1843 2292 1900 erat
2311 1877 2343 1916 ,

781 1953 904 2026 ubi
962 1978 1114 2029 eam
1177 1953 1326 2028 vidi
1353 2005 1378 2041 ,
1418 1950 1611 2024 inico
2266 1931 2299 1945 “

409 2074 719 2166 Accedo,
748 2074 983 2171 rogito
1022 2092 1089 2165 ²,
1125 2071 1506 2171 Pamphila,
1524 2071 1695 2170 quid
1720 2087 1914 2170 agat:
1941 2072 2078 2145 iam
2103 2088 2342 2169 partus

792 2200 1005 2274 adfiet
1041 2223 1062 2270 ε

409 2325 605 2398 Eone
675 2324 1119 2401 obstetricem
1158 2322 1466 2399 arcessat.
1509 2321 1628 2396 ina
1659 2321 1998 2395 exclamat
2035 2340 2056 2384 ³
2090 2373 2115 2411 ,
2161 2325 2271 2391 abi
2306 2375 2336 2410 ,
2378 2389 2401 2411 l

787 2449 900 2516 abi
988 2450 1123 2516 iam
1150 2499 1178 2534 ‚
1250 2447 1565 2540 Aefihim
1588 2498 1608 2519 .
2252 2468 2381 2516 10.

404 2565 577 2633 Satis
617 2567 734 2634 diu
767 2567 991 2668 dedrsti
1019 2568 1209 2637 verba
1243 2590 1270 2636 .·
1308 2566 1431 2658 fite
1459 2568 1692 2636 adhuc·
1718 2589 1836 2637 tua
1880 2591 2000 2635 nos
2024 2555 2341 2668 frustrata

790 2688 877 2791 2st
889 2689 1086 2780 fides.

398 2807 619 2896 Hem,
641 2803 812 2904 quid
837 2803 1009 2879 istuc
1039 2802 1365 2896 obsecro,
1392 2804 1721 2904 inquam,
1763 2801 1861 2876 est
1897 2806 1974 2876 ⁴?
2010 2807 2231 2875 valeas
2267 2823 2288 2866 ς
2307 2852 2337 2893 ,

797 2931 1037 3001 habeas
1093 2933 1277 3001 illam
1316 2941 1385 3021 ⁶,
1436 2957 1599 3024 quae
1627 2933 1870 3022 placet.

402 3048 588 3124 Sensi
626 3049 819 3126 illico
874 3053 948 3125 id
995 3052 1145 3129 illas
1185 3050 1552 3151 suspicari:
1594 3049 1712 3124 sed
1762 3072 1874 3122 me
1924 3046 2337 3147 reprehendi

782 3189 1020 3246 tamen
1052 3227 1077 3265 ,
2101 3257 2118 3273 .

399 3292 511 3366 Ne
588 3291 758 3393 quid
815 3293 904 3366 de
986 3294 1198 3370 fratre
1270 3296 1586 3397 garrulae
1664 3297 1770 3373 illi
1834 3295 2135 3377 dicerem
2152 3351 2185 3390 ,
2253 3321 2334 3372 ac

780 3410 978 3490 fieret
1027 3415 1260 3513 palam
1297 3434 1349 3494 ⁷.

478 3695 503 3738 ι
563 3676 853 3740 Canthara
905 3679 1044 3755 illa,
1097 3703 1272 3766 quam
1532 3709 1572 3760 4
1608 3679 1902 3745 Perculsus
1946 3681 2132 3743 subito
2189 3680 2334 3744 haec

389 3779 639 3853 Sostrata·
672 3782 760 3839 111
784 3824 804 3853 ‚
829 3803 862 3839 2
890 3801 1031 3842 extr.
1049 3782 1275 3845 iusserat
1447 3810 1554 3870 per
1572 3789 2039 3850 interiectionem
2070 3810 2254 3872 rogat.

387 3876 656 3957 arcessere
702 3882 1079 3945 obstetricem.
1525 3915 1552 3969 5
1608 3895 1777 3954 Anus
1803 3939 1821 3968 ,
1873 3895 2023 3979 quasi
2060 3916 2190 3955 eum
2230 3893 2340 3984 fu·-

472 4012 504 4049 ι
557 3987 695 4049 Scil.
741 4009 936 4050 amore
990 3989 1273 4072 impulsus
1447 3999 1613 4080 giens
1650 3995 1978 4078 respondet.
2323 3984 2327 3989 ’

389 4119 550 4173 vcro,
567 4095 809 4160 studiose
830 4097 899 4158 de
918 4095 1015 4158 sua
1038 4099 1277 4184 quaerit.
1529 4114 1563 4165 6
1592 4103 1884 4167 Psaltriam
1906 4106 2117 4165 innuit.

470 4229 497 4286 3
569 4206 715 4268 Non
779 4203 1124 4290 respondet,
1171 4207 1269 4269 sed
1514 4233 1549 4282 7
1623 4210 1815 4270 Etiam
1882 4213 1947 4269 in
1998 4208 2120 4290 ipsa
2168 4208 2329 4273 turba

387 4309 706 4388 exclamat3
756 4310 992 4397 eiusque
1043 4311 1270 4374 clamo-
1347 4303 1359 4314 ’
1437 4316 1699 4376 animum
1748 4314 1815 4373 in
1855 4311 2087 4373 fratrem
2123 4312 2322 4373 huius·-

385 4434 508 4513 flem
522 4418 692 4480 tristis
715 4418 900 4481 reddit
927 4417 1290 4497 Aeschinus-2
1437 4442 1550 4506 que
1608 4440 1805 4483 curam
1867 4441 1993 4482 non
2049 4421 2316 4501 dimittit,
