2809 5234
2154 756 2161 767 ι

693 919 710 940 Ι

1077 1011 1712 1089 ANDR1A.
2048 1042 2055 1059 =
2274 986 2477 1111 37¹

435 1198 454 1232 ¹
494 1180 836 1275 Quidnam
868 1176 1002 1253 hoc
1025 1180 1123 1253 rei
1146 1179 1285 1252 est?
1326 1178 1486 1278 quid
1526 1177 1636 1252 hic
1666 1173 1814 1251 volt
1840 1193 2171 1252 veterator
2202 1175 2370 1250 fibi?
2508 1208 2517 1217 ·

430 1308 609 1379 Nam
636 1303 686 1378 fi
712 1303 825 1377 hic
855 1304 1009 1377 mali
1034 1300 1133 1376 'est
1160 1303 1526 1403 quidquam
1547 1355 1570 1394 ,
1605 1302 1761 1375 hem
1794 1300 1929 1374 illic
1971 1298 2065 1373 est
2090 1300 2246 1373 huic
2271 1300 2373 1374 rei

774 1438 998 1522 caput.

743 1612 1176 1690 'ACTUS
1244 1616 1432 1688 III.
1501 1616 1922 1688 SCENA
1995 1617 2057 1686 Ι.

520 1795 910 1883 MYs1s,
977 1787 1289 1882 simo,
1346 1793 1774 1884 DAvUS,
1841 1794 2276 1890 nesam,

1006 1912 1778 2037 GLYCERmM.

431 2037 742 2212 MITa
768 2134 883 2232 pol
915 2132 1192 2232 quidem
1222 2155 1329 2205 res
1356 2127 1452 2203 est
1472 2186 1494 2222 ,
1520 2149 1597 2204 ut
1623 2130 1841 2219 dixti,
1865 2133 2102 2208 Lesbia
2131 2158 2154 2208 ε

437 2259 730 2363 Fidelem
771 2257 947 2331 haud
988 2256 1205 2330 ferme
1244 2253 1506 2327 mulieri
1552 2254 1850 2331 invenias
1887 2257 2144 2331 virum.

438 2389 514 2454 S.
542 2384 649 2457 Ab
667 2383 922 2458 Andria
947 2380 1042 2456 est
1062 2377 1295 2453 ancilla
1318 2378 1528 2452 haec?
1554 2379 1722 2479 quid
1743 2379 2007 2450 narras?
2037 2383 2138 2453 D.
2157 2379 2245 2453 ita
2266 2379 2386 2457 est.

441 2508 547 2579 M.
585 2506 716 2578 Sed
766 2505 877 2577 hic
918 2501 1318 2599 Pamphilus.
1358 2508 1430 2577 S.
1475 2503 1642 2602 quid
1683 2500 1902 2578 dicit?
1945 2503 2047 2576 Μ.
2088 2498 2386 2579 firmavit

313 2632 318 2637 ’
779 2623 1010 2697 fidem.
1051 2632 1129 2697 S.
1168 2625 1325 2699 hem
1355 2625 1375 2700 Ξ

442 2746 545 2814 D.
572 2741 851 2815 Utinam
887 2758 1000 2814 aut
1024 2741 1137 2816 hic
1175 2743 1441 2833 surdus,
1466 2764 1577 2817 aut
1605 2743 1773 2818 haec
1797 2763 1977 2820 muta
2001 2743 2165 2819 fadia
2190 2744 2301 2818 fit!
2342 2769 2377 2853 ς

448 2868 550 2938 Μ.
589 2863 768 2937 Nam
807 2865 995 2963 quod
1027 2866 1427 2967 peperisset,
1467 2867 1640 2940 iuffit
1683 2867 1849 2942 tolli.
1887 2875 1963 2943 S.
2002 2857 2054 2941 '0
2091 2866 2385 2965 Iupiter!

438 2990 632 3084 Quid
679 3011 814 3089 ego
861 2989 1117 3064 audio?
1186 2990 1404 3064 aetum
1460 2990 1592 3083 est,
1641 2991 1964 3091 fiquidem
2018 2993 2193 3083 haec¹
2223 3015 2387 3068 vera
2476 3065 2481 3068 ,
2542 3062 2547 3067 .

780 3110 1138 3207 praedicat.

435 3234 512 3303 L.
531 3233 800 3304 Bonum'
818 3233 1155 3330 ingenium
1175 3232 1406 3308 narras'
1418 3231 1872 3321 adolescentis.
1885 3236 1986 3306 M.
2003 3248 2388 3329 optumum.

440 3351 573 3423 Sed
599 3349 870 3449 sequere
898 3379 1006 3427 me
1029 3355 1213 3428 intro
1233 3408 1256 3444 ,
1283 3382 1365 3430 ne
1396 3358 1466 3430 in
1492 3382 1686 3429 mora
1711 3355 1802 3426 illi
1823 3354 1904 3426 fis
1938 3367 1988 3425 ².
2017 3357 2091 3423 L.
2123 3353 2387 3448 sequor.

444 3475 549 3547 D.
618 3475 833 3570 Quod
894 3479 1263 3552 remedium
1320 3504 1500 3554 nunc
1550 3477 1709 3553 huic
1754 3475 1935 3549 malo
1989 3473 2383 3549 inveniam?

755 3604 855 3670 S.
888 3613 912 3663 3
957 3599 1121 3698 quid
1162 3599 1350 3672 hoc?
2286 3619 2381 3670 10

445 3715 717 3792 Adeon’
760 3717 854 3789 est
892 3719 1221 3792 demens?
1252 3744 1339 3790 ex
1361 3713 1755 3817 peregrina?
1791 3728 1826 3779 4
1870 3712 2002 3789 iam
2029 3713 2216 3789 scio:
2248 3712 2387 3788 ah!

446 3838 587 3913 Vix
629 3836 899 3910 tandem
941 3839 1107 3914 sensi
1136 3838 1430 3914 stolidus.
1469 3843 1573 3913 D.
1616 3837 1780 3936 quid
1813 3836 1923 3912 hic
1951 3836 2204 3912 senfiffe
2246 3837 2386 3910 ait?

533 4084 561 4126 1
586 4064 749 4127 Haec
776 4064 941 4162 tacite
963 4064 1032 4126 8(-
1054 4065 1201 4147 apud
1222 4064 1296 4128 se.
1468 4067 1585 4130 lum
1620 4083 1783 4132 tacet.
1822 4068 1968 4131 Mox
1984 4068 2210 4129 inventa
2226 4064 2389 4128 frau-

410 4178 422 4213 ἴ
521 4191 559 4232 2
613 4167 881 4231 Nonnulli
932 4167 1065 4230 ΜΠ.
1117 4168 1368 4244 addunt.
1474 4172 1545 4234 de
1565 4220 1585 4249 ,
1626 4191 1689 4235 ut
1737 4173 2031 4248 credebat,
2070 4172 2240 4232 laetus
2292 4172 2387 4232 in·-

437 4298 597 4361 quum
641 4297 778 4362 opus
806 4277 896 4360 est.
1467 4283 1618 4365 quit,
1651 4283 1758 4344 iam
1779 4285 1897 4366 scio
1917 4284 2061 4359 ‚ahl
2097 4279 2382 4344 Westerh.

203 4374 206 4378 ’
359 4406 366 4411 ·
527 4404 555 4466 3
594 4385 752 4447 Haec
789 4383 976 4449 secum
1010 4385 1191 4452 senex.
1468 4392 1656 4454 mallet
1699 4393 1807 4452 vah
1827 4439 1847 4466 ,
1902 4391 2065 4475 idque
2106 4390 2384 4478 sequenti-

518 4511 562 4566 4
579 4487 761 4572 Quafi
781 4490 1202 4556 meditabundus
1215 4514 1357 4579 pau0,
1470 4494 1577 4560 bus
1611 4494 1885 4651 coniungcii
1926 4600 1967 4678 ³
2084 4524 2099 4543 .
