2809 5234
549 894 1999 983 HEAUTONTIMORUMENOS.
2164 913 2297 990 205

265 1100 270 1105 ·
366 1067 518 1163 Ego
562 1084 629 1137 te
672 1087 899 1135 meum
939 1060 1070 1137 effe
1108 1062 1241 1136 dici
1285 1059 1598 1156 tantisper
1637 1057 1806 1132 volo
1829 1111 1855 1149 ,

245 1246 252 1252 .
369 1189 561 1260 Dum
590 1237 613 1274 ‚
665 1185 850 1284 quod
891 1205 955 1259 te
991 1187 1268 1286 dignum
1310 1184 1406 1260 est
1431 1237 1457 1275 ,
1502 1181 1750 1256 facies:
1795 1180 1906 1256 sed
1953 1180 2003 1254 fi
2048 1178 2119 1255 id
2165 1206 2309 1255 non

711 1309 874 1384 facis
896 1364 923 1400 ,
2214 1328 2296 1404 55

372 1437 520 1533 Ego
546 1488 571 1524 ,
594 1435 782 1533 quod
808 1461 915 1508 me
942 1434 1010 1506 in
1035 1452 1104 1506 te
1130 1432 1207 1506 fit
1229 1421 1450 1506 face're
1476 1431 1789 1529 dignum,
1811 1429 2163 1508 invenero.

378 1560 584 1632 Nulla
609 1559 778 1631 adeo
806 1585 887 1633 ex
911 1583 981 1631 re
1009 1556 1170 1630 istuc
1201 1556 1277 1631 fit
1299 1611 1324 1648 ‚
1347 1556 1466 1629 nisi
1494 1582 1575 1630 ex
1601 1557 1816 1631 nimio
1845 1558 2016 1631 oti0.
2056 1653 2066 1660 ,

375 1687 524 1782 Ego
567 1681 734 1757 istuc
779 1661 1004 1755 aetatis
1054 1706 1195 1754 non
1246 1679 1483 1754 amori
1522 1654 1798 1779 operarii
1849 1682 2089 1755 dabam
2114 1734 2142 1773 ,

378 1808 605 1880 sedin
633 1806 847 1879 Afiam
872 1805 1026 1879 hinc
1051 1804 1183 1877 abii
1212 1826 1489 1903 propter
1515 1804 1898 1902 pauperiem
1923 1858 1947 1895 ,
1971 1827 2172 1905 atque

390 1946 414 1982 ¹
450 1933 551 2005 lbi
597 1930 785 2003 fimul
829 1954 969 2002 rem
994 1983 1020 2021 ,
1064 1949 1134 2004 et
1183 1930 1462 2029 gloriam
1511 1930 1710 2002 armis
1762 1930 2045 2027 repperi.
2213 1932 2313 2006 60

386 2053 728 2130 Postremo
772 2054 943 2128 adeo
997 2078 1099 2129 res
1147 2053 1386 2126 rediit:
1428 2053 1948 2127 adolescentulus

386 2180 590 2278 Saepe
637 2180 864 2253 eadem
913 2197 982 2253 et
1025 2177 1319 2278 graviter
1362 2177 1696 2251 audiendo
1732 2176 1946 2250 vietus
1984 2176 2118 2252 est:

390 2305 652 2379 Putavit
692 2320 803 2376 me
849 2323 918 2379 et
961 2322 1173 2378 aetate
1221 2322 1290 2378 et
1337 2301 1806 2401 benevolentia

317 2508 324 2516 ,
388 2427 541 2501 Plus
586 2427 794 2515 scire,
836 2447 904 2503 et
950 2427 1312 2526 providere
1337 2481 1363 2519 ,
1411 2451 1613 2527 quam
1667 2428 1733 2502 se
1779 2425 1994 2527 ipsum
2048 2424 2165 2500 fibi
2193 2452 2218 2500 ε

392 2554 468 2622 ln
517 2548 738 2621 Afiam
781 2553 867 2623 ad
910 2565 1198 2651 regem²
1246 2551 1592 2626 militatum
1638 2551 1841 2644 abiit,
1884 2553 2198 2643 Chreme.
2221 2553 2309 2648 65

393 2677 464 2745 C.
482 2673 675 2768 Quid
700 2674 951 2749 aism.
970 2676 1139 2748 clam
1158 2701 1266 2750 me
1289 2673 1652 2773 profeaus,
1674 2678 1924 2752 menses
1944 2677 2097 2752 treis
2116 2675 2319 2750 abest.

372 2791 474 2872 C.
502 2799 731 2871 Ambo
743 2756 1218 2874 Ξεευίειηάἰδε
1259 2800 1371 2873 etfi
1420 2801 1582 2875 illud
1629 2804 1965 2898 inceptum
2002 2818 2223 2875 tamen

391 2923 616 2997 Animi
641 2923 736 2999 est
761 2925 1066 3024 pudentis
1091 2921 1389 3025 iignum,
1416 2943 1482 2997 et
1508 2949 1649 2997 non
1680 2925 2016 2999 instrenui.

394 3053 503 3123 M.
515 3049 654 3123 Ubi
679 3049 982 3149 comperi
1008 3076 1092 3125 ex
1117 3049 1220 3124 his
1237 3103 1259 3138 ,
1285 3049 1402 3148 qui
1430 3049 1495 3124 ei
1519 3048 1704 3122 fuere
1731 3049 2026 3141 conscii,

393 3174 704 3247 Domum
751 3194 1068 3251 revertor
1115 3173 1412 3249 moestus
1444 3189 1472 3234 ⁴
1496 3227 1520 3266 ,
1547 3196 1746 3272 atque
1792 3173 2021 3257 animo
2064 3173 2203 3248 fere
2225 3196 2324 3271 70

483 3387 509 3426 ι
540 3363 719 3452 vulg.
743 3365 820 3428 ibi
848 3368 1084 3451 iungitur
1113 3366 1294 3429 versui
1413 3380 1773 3430 exoneretur:
1825 3361 1984 3427 simul
2018 3365 2234 3448 culpam
2264 3367 2322 3428 in

392 3462 593 3544 priori,
614 3464 706 3544 qui
737 3460 813 3524 fic
852 3463 1084 3528 excedit.
1126 3464 1298 3548 Igitur
1414 3463 1635 3525 laudem
1678 3460 1776 3522 filii
1808 3462 1989 3522 vertit.

390 3556 520 3617 illud
536 3554 643 3638 seq.
658 3557 870 3618 initium
894 3555 1001 3618 ess'e
1025 3559 1295 3634 iubemus,
1363 3543 1376 3570 ’
1496 3580 1536 3633 4
1577 3555 1826 3617 Primum
1863 3554 2112 3616 dolorem
2144 3555 2328 3638 expri-
2387 3619 2392 3627 ,

393 3648 630 3709 delendo
659 3650 820 3722 belli,
857 3651 1008 3730 quod
1036 3648 1300 3732 superva-
1420 3653 1520 3712 mit
1539 3652 1611 3712 ad
1631 3668 1920 3726 naturam3
1941 3651 2006 3713 &
2031 3651 2325 3761 quemodo

394 3759 582 3798 mum.
610 3739 765 3797 Vett.
799 3738 897 3799 scr.
929 3741 992 3799 δι
1024 3741 1149 3799 edd.
1189 3744 1297 3802 ha-
1418 3743 1548 3803 inde
1599 3764 1811 3803 novam
1857 3767 1914 3804 vi
1899 3746 2002 3804 itae
2055 3748 2327 3812 rationem

345 3885 349 3890 .
398 3828 535 3887 bent
567 3830 728 3886 armis
750 3827 916 3898 belli3
950 3826 1303 3890 manifestum
1421 3853 1654 3918 eamque
1686 3835 1918 3895 duram
1904 3858 1958 3896 m
1979 3838 2226 3899 animum
2247 3842 2325 3899 in-

399 3917 693 4005 gloffema,
714 3940 746 3979 e
766 3938 880 3999 quo
905 3917 1217 3982 Goveanus
1240 3925 1305 3983 &
1424 3926 1670 3997 duxerit,
1680 3927 1756 3984 ita
1774 3925 2046 4000 describit,
2064 3946 2125 3987 ut
2144 3947 2332 3987 amare
2424 3939 2431 3945 ·

400 4008 593 4075 Faern.
618 4026 907 4094 perperam
926 4013 1102 4073 fecere
1117 4015 1306 4098 vulga·
1425 4018 1599 4097 magis
1626 4017 1875 4080 crederes
1901 4018 2152 4092 filium,
2139 4044 2194 4079 m
2215 4041 2332 4100 quo

397 4126 537 4172 tum.
1426 4110 1481 4171 se
1512 4110 1623 4191 ipse
1655 4131 1838 4188 amat,
1877 4136 1992 4176 non
2022 4131 2135 4173 tam
2167 4116 2331 4172 ratio-

483 4227 518 4265 2
554 4203 624 4265 cf.
649 4201 723 4263 ad
750 4199 893 4264 Eun.
915 4199 1029 4276 111,
1063 4219 1086 4262 1
1109 4250 1128 4279 ,
1156 4222 1215 4280 7.
1426 4224 1555 4264 nem
1572 4250 1592 4276 ,
1619 4225 1786 4286 quam
1811 4210 1980 4266 animi
2000 4208 2230 4285 impetus
2250 4203 2332 4267 se-

478 4297 671 4377 3Bene
685 4296 884 4357 dividit
899 4297 1115 4379 culpam
1133 4293 1310 4358 Chre·
1427 4316 1617 4378 quem.
1657 4294 1777 4378 Ipse
1797 4294 1894 4357 suo
1928 4297 2153 4377 ingenio
2185 4319 2327 4381 pro-

397 4409 518 4453 mes
534 4437 558 4465 ,
578 4407 639 4452 ut
656 4409 810 4475 pater
844 4406 999 4474 parte
1029 4387 1306 4453 molestiae
1425 4409 1530 4452 nus
1551 4390 1625 4452 ad
1649 4387 1936 4455 saevitiam
1949 4433 1973 4462 ,
1992 4409 2159 4471 quarn
2179 4412 2325 4456 nunc
