2809 5234
261 834 330 902 ²74
509 801 973 876 urentium

259 968 353 1041 Volo
373 983 407 1038 te
433 966 510 1038 dare
534 988 668 1061 operam
690 985 726 1033 ut
747 960 827 1045 hat,
844 987 963 1036 verum
982 963 1044 1034 alia
1064 961 1129 1036 via.

258 1098 296 1165 S.
318 1090 407 1162 Fiat:
432 1107 604 1186 quaeratur
622 1085 708 1158 aliud
728 1100 748 1156 ¹.
772 1084 826 1158 sed
851 1084 933 1156 illud
953 1085 1046 1181 quod
1062 1085 1121 1158 tibi

257 1213 341 1287 Dixi
365 1213 407 1284 de
431 1229 592 1308 argento,
612 1209 705 1306 quod
726 1207 783 1279 issa
809 1207 908 1281 debet
928 1208 1105 1296 Bacchidi,
1203 1293 1207 1298 ⁷

257 1338 294 1409 td
314 1360 402 1408 nunc
427 1333 630 1406 reddendum
650 1331 698 1404 est
714 1331 760 1403 illi
777 1353 787 1399 r
806 1356 912 1429 neque
933 1353 970 1403 tu
995 1332 1120 1406 scilicet

256 1463 308 1534 Eo
333 1481 421 1533 nunc
444 1453 637 1553 confugies:
660 1455 740 1552 quid
765 1455 968 1531 meatuum
990 1456 1072 1529 mihi
1101 1455 1213 1529 datum

333 1576 337 1583 ¹
423 1579 494 1653 est?
1167 1605 1211 1678 45

257 1705 348 1778 Num
373 1701 471 1778 iuffit
493 1724 572 1789 num
596 1699 651 1772 illa
678 1698 902 1797 oppignorare
927 1699 1029 1774 filiam

254 1831 365 1901 Meam
391 1850 447 1900 me
464 1822 574 1900 invito
599 1820 735 1920 potuit?
757 1845 875 1893 verum
903 1822 1008 1914 illud,
1031 1825 1198 1914 Chreme,

156 1989 161 2000 ·
255 1949 406 2022 Dicunt:
428 1948 478 2021 ius
501 1947 663 2021 summum
681 1960 718 2035 ²,
741 1946 833 2041 saepe
853 1944 976 2016 summa
997 1944 1043 2016 esi
1059 1948 1190 2022 malitia.

257 2075 294 2142 C.
308 2072 403 2142 Haud
416 2070 533 2143 faciam
551 2084 575 2142 ³.
588 2076 625 2140 S.
635 2069 743 2142 immo
755 2067 823 2142 aliis
834 2066 857 2137 fi
868 2066 958 2155 licet,
970 2065 1029 2138 ribi
1044 2069 1211 2140 nonlicet.
1299 2077 1301 2080 ’

253 2195 383 2268 Omnes
396 2212 428 2267 te
441 2193 476 2266 in
489 2194 575 2266 lauta
587 2191 651 2266 effe
664 2211 697 2267 et
711 2193 794 2266 bene
810 2191 930 2264 auara
953 2203 1127 2284 reputant.
1167 2213 1210 2285 50

296 2390 394 2463 1Alia,
407 2410 476 2470 quae
488 2387 631 2450 Chremeti
643 2410 703 2450 ma·
759 2388 792 2452 le.
813 2385 900 2448 Addit
914 2397 1086 2446 momentum
1101 2384 1210 2457 servus,

251 2485 291 2564 gis
315 2486 487 2566 probentur,
516 2487 703 2563 promittens,
760 2483 897 2546 laudando
930 2485 970 2543 rei
1000 2481 1138 2542 familiaris
1162 2502 1215 2541 co-

250 2581 306 2638 iam
325 2577 399 2659 quasi
416 2579 611 2655 praetereundo
627 2579 706 2640 falla·
763 2582 853 2662 piam,
863 2597 993 2658 tanquam
1006 2576 1122 2639 frudum
1136 2579 1214 2639 indu·

251 2672 321 2729 ciam
339 2670 471 2742 adhibet,
489 2671 650 2731 revertendo
668 2672 704 2733 nd
763 2671 840 2732 striae
855 2671 931 2732 senis.

248 2761 321 2825 idam
336 2762 401 2821 illud
418 2761 609 2836 mendacium,
626 2764 701 2844 quod
801 2786 820 2837 4
841 2762 926 2844 Vulg.
952 2767 986 2823 0.
1004 2781 1028 2822 te
1046 2765 1075 2822 in
1095 2740 1213 2824 duta&

248 2860 349 2922 fecerat
373 2852 435 2913 Ad.
468 2872 501 2912 lv
517 2898 526 2926 ,
545 2876 586 2927 4,
616 2871 640 2913 11
666 2856 698 2914 &
756 2855 817 2912 bene
832 2857 906 2912 audio
920 2871 996 2934 parte
1006 2873 1064 2934 pur.
1094 2876 1213 2934 quomo-

253 2967 298 3027 η,
309 2965 438 3028 tanquam
452 2946 609 3025 Antiphila,
626 2968 699 3007 nunc
758 2947 796 3006 do
807 2949 860 3006 iam
869 2946 951 3006 habet
962 2947 1005 3007 ed.
1013 2947 1122 3007 Veneta
1137 2954 1212 3032 1469

248 3040 402 3102 Chremetis
415 3040 488 3113 fitia,
503 3041 646 3099 arrhaboni
657 3061 699 3098 re-
758 3039 880 3099 aFrauc.
891 3039 984 3099 Dima
992 3043 1136 3121 recognita
1146 3041 1211 3102 Edi-

248 3133 308 3193 tiata
331 3131 412 3204 effer,
434 3153 486 3211 pro
504 3132 575 3191 mille
595 3131 698 3190 drach·
757 3134 796 3192 tio
815 3133 919 3193 Iuntina
938 3131 1004 3214 legit
1020 3135 1077 3192 aeta
1095 3135 1209 3213 quodin

247 3229 306 3288 mis.
316 3223 466 3285 Honestate
477 3241 566 3283 autem
580 3225 635 3281 heti
647 3223 701 3283 fre-
759 3223 839 3284 MSS.
856 3223 934 3303 saepe
944 3222 1074 3303 scriptum
1084 3247 1134 3306 pro
1144 3248 1212 3286 auc-

145 3354 148 3363 ·
247 3330 306 3387 tus,
321 3317 356 3374 ab
366 3317 417 3375 hac
430 3314 478 3374 fibi
491 3311 635 3373 artificiose
647 3333 699 3372 au·
757 3333 805 3389 ra,
824 3315 862 3373 uti
880 3316 949 3372 anor
963 3334 1014 3394 pro
1031 3318 1126 3375 audior.
1147 3315 1211 3375 hinc

248 3411 340 3469 xiiium
368 3413 453 3490 petit,
471 3426 500 3471 ut
522 3408 578 3469 seni
598 3410 696 3489 eripiat
756 3406 873 3467 Faernus
895 3407 933 3466 sui
961 3408 1059 3468 oblitus
1090 3411 1213 3488 praetulit

247 3520 402 3582 argentum.
757 3504 822 3559 atur.
842 3496 897 3559 Sed
912 3519 946 3558 ex
965 3516 1079 3580 utraque
1095 3500 1210 3562 lediione

226 3674 228 3676 V
288 3591 378 3652 zScil.
396 3593 470 3674 quod
489 3595 637 3673 potentiam
655 3593 698 3654 se·
756 3589 849 3653 versus
877 3611 935 3649 non
961 3591 1082 3672 procedit
1097 3614 1106 3664 ;
1123 3613 1210 3674 neque

245 3687 353 3765 quitur,
369 3689 498 3748 vallatum
518 3691 666 3764 calumnia,
678 3691 697 3753 s.
757 3687 1014 3770 commodaphrasrs
1025 3687 1063 3750 est
1074 3691 1102 3748 in
1112 3690 1210 3749 hura-

245 3777 375 3839 maiitiosu
386 3782 448 3839 iuris
459 3786 694 3863 interpretation&
751 3805 827 3866 Furat
842 3782 907 3864 effe,
928 3804 979 3863 pro
992 3782 1142 3864 locupletem
1153 3783 1209 3862 ff.

244 3890 333 3949 neque
349 3869 419 3928 adeo
434 3873 626 3950 impotentibus
642 3897 695 3934 ex·
756 3875 823 3936 lude
850 3877 924 3934 varie
946 3890 1083 3934 tentarunt
1106 3870 1208 3934 Critici.

244 3963 390 4046 pugnabile
402 3985 411 4037 ;
422 3963 456 4025 ci.
471 3965 531 4025 Cic.
547 3967 596 4025 off.
614 3970 644 4041 l,
658 3990 694 4029 ιο
755 3969 847 4030 Nobis
866 3970 976 4051 quidem
994 3970 1058 4029 illud
1075 3987 1150 4050 parte
1164 3968 1208 4028 vi·

243 4061 375 4119 Summum
392 4060 454 4131 ius,
467 4061 568 4141 stimma
586 4063 693 4125 iniuria.
753 4066 932 4126 deturortum
950 4064 1003 4126 effe
1019 4089 1036 4126 a
1053 4064 1138 4149 gloffa
1152 4083 1208 4124 vo·

244 4220 250 4232 ,
289 4156 365 4233 3Ab
386 4157 461 4215 omni
477 4155 576 4214 malitia
593 4154 694 4219 s.iniu·
755 4181 815 4221 tem
829 4165 961 4242 auHaper
973 4181 1053 4242 parta
1071 4165 1210 4240 interpre-

244 4240 271 4308 ἀ
284 4244 435 4311 abhorrens
450 4246 518 4311 Chr.
536 4247 611 4312 cedit
625 4248 693 4322 facis
751 4267 834 4318 tante.
857 4249 926 4315 Inde
942 4271 1007 4318 cun
1020 4251 1212 4318 deficeretuo·
1243 4299 1247 4305 .
