2809 5234
371 709 447 793 5180
631 702 670 774 Ρ.
726 694 1119 773 TERENTII

375 875 427 946 D.
455 870 532 957 lta,
552 886 730 963 proxumo
759 859 901 959 quidem
922 876 932 909 ¹
955 885 966 931 t
994 876 1029 931 at
1056 881 1121 932 nos
1146 854 1315 935 undeie

569 1014 676 1088 quam
705 986 753 1059 ob
784 984 885 1056 remi
909 986 955 1055 P.
977 979 1070 1057 ohe!

374 1136 524 1225 Mum,
555 1132 673 1218 aiunt,
696 1157 735 1200 nc
760 1154 856 1226 agas.
898 1132 952 1203 D.
990 1152 1064 1203 non
1090 1128 1219 1226 agam?
1249 1128 1315 1203 inu

590 1254 690 1337 haud,
710 1252 891 1343 desinam,

378 1414 509 1493 Donec
525 1403 706 1505 perfecero
720 1404 800 1475 hoc.
821 1405 865 1474 P.
886 1399 1023 1500 ineptis.
1039 1405 1091 1472 D.
1111 1398 1182 1473 fine
1199 1402 1315 1476 modo

321 1620 323 1625 Ι
378 1538 427 1606 Ρ.
452 1529 631 1603 Postremo
645 1543 762 1599 tecum
778 1523 863 1597 nihil
874 1525 924 1598 rei
942 1522 1061 1613 nobis,
1071 1523 1257 1620 Demipho
1271 1550 1315 1615 ‚e

380 1653 481 1723 Tuus
508 1646 556 1720 est
577 1648 758 1719 damnatus
779 1662 928 1743 gnatus,
948 1667 1021 1717 non
1045 1661 1085 1715 tu
1107 1666 1116 1711 τ
1138 1665 1222 1714 nam
1248 1662 1315 1718 tua

382 1771 610 1846 Praeterierat
636 1769 706 1843 iam
727 1768 772 1843 ad
791 1767 986 1844 ducendum
1013 1769 1315 1841 aetas2.1>.om1

584 1890 670 1964 haec

386 2014 490 2089 Illum
509 2033 635 2112 putato
653 2069 665 2105 ,
681 2041 772 2115 quae
792 2039 859 2114 ego
880 2040 973 2090 nunc
995 2014 1076 2089 dico
1093 2067 1106 2105 ,
1125 2012 1246 2088 dicere
1268 2039 1280 2084 t
1314 1971 1315 1980 .

386 2139 459 2210 Aut
469 2136 611 2233 quidem
621 2160 700 2253 curo¹
709 2160 820 2209 uxore
831 2137 896 2210 hac
907 2133 1017 2233 ipsum
1027 2134 1225 2233 prohibebo
1235 2137 1315 2210 don

371 2258 430 2330 ‘G.
456 2259 568 2328 Iratus
585 2252 633 2326 est
649 2273 676 2327 4.
694 2256 739 2328 Ρ.
766 2271 844 2328 tute
866 2254 959 2327 idem
978 2251 1101 2326 melius
1118 2250 1243 2327 feceris
1263 2273 1289 2330 5.

366 2387 439 2456 ·D.
467 2383 563 2453 Itane
585 2406 621 2454 es
641 2401 779 2477 paratus
794 2381 907 2456 facere
920 2405 976 2454 me
991 2377 1177 2455 advorsum
1204 2381 1315 2455 omnic

382 2504 532 2577 Infelix?
553 2504 597 2578 P.
621 2503 744 2576 metuit
766 2505 823 2579 hic
844 2530 932 2596 nos,
950 2501 1082 2579 tametfi
1102 2502 1225 2577 sedulo
1308 2506 1315 2577 2

384 2624 595 2701 Diffimulat.
637 2632 681 2700 G.
709 2627 797 2701 bene
831 2608 960 2701 habene
983 2626 1048 2701 tibi
1069 2625 1243 2725 principia
1261 2640 1315 2706 ⁶..

583 2747 668 2847 quin
686 2769 728 2838 ⁷,
758 2747 855 2845 quod
874 2745 922 2819 est

432 3048 444 3087 ι
468 3027 560 3088 Senex
579 3022 712 3085 confusus
733 3033 760 3084 &
775 3026 836 3085 ira·
911 3012 965 3088 '101
979 3026 1063 3115 ridet.

387 3154 432 3197 tus
448 3135 484 3194 ad
501 3137 598 3215 priora
619 3133 719 3192 frustra
739 3134 833 3210 redit,
958 3154 972 3211 5
998 3135 1028 3196 h.
1042 3157 1069 3196 o.
1085 3135 1142 3195 iam
1155 3154 1216 3193 non
1235 3141 1315 3198 crisi

389 3238 537 3323 vistusquc
553 3228 685 3299 eluditis.
917 3259 979 3315 tus,
997 3238 1155 3322 meliusque
1167 3241 1198 3298 id
1218 3242 1315 3319 corifo}

429 3371 444 3404 ι
475 3344 691 3408 comminantis
715 3345 774 3419 est;
795 3342 831 3404 cf.
905 3345 951 3432 cf.
969 3347 1041 3408 Eun.
1068 3345 1130 3418 111,
1155 3366 1167 3405 1
1194 3367 1268 3408 extr.
1298 3373 1314 3411 c

387 3446 553 3523 Eun.1,1,
572 3471 620 3509 ιο.
914 3452 1020 3515 Heaut.
1040 3454 1071 3526 Ι,
1092 3475 1129 3522 2,
1154 3475 1202 3525 24·
1227 3458 1299 3517 idem

431 3569 443 3623 3
462 3549 520 3607 Iam
536 3574 651 3637 quoque
664 3552 763 3613 ittidet
772 3551 831 3615 seni
913 3555 998 3619 masc.
1018 3557 1166 3619 nexumen
1179 3573 1243 3617 nete.

387 3654 426 3711 ob
441 3673 570 3718 aetatem.
955 3663 1159 3741 6Inhacyoce
1174 3684 1315 3746 praepare

429 3783 448 3830 4
465 3756 545 3817 Haec
558 3761 636 3823 Geta
646 3762 776 3826 submiffe
795 3768 831 3827 ad
914 3769 954 3827 est
974 3769 1009 3829 ad
1030 3771 1154 3830 maiores
1180 3769 1315 3831 difficulta

386 3865 505 3930 Phorm.
524 3869 613 3929 Iratus
632 3895 700 3931 veto
715 3876 771 3947 cst,
783 3874 832 3957 qui
916 3881 944 3933 δι
960 3873 1074 3937 labores
1091 3875 1126 3936 cf.
1141 3873 1177 3935 sc.
1191 3900 1218 3951 4.
1231 3899 1258 3937 v.
1276 3899 1315 3953 ις,

387 3974 419 4035 in
443 3976 536 4053 prima
554 3975 681 4033 coitione
699 3977 831 4036 modera-
956 3978 1024 4048 7h.
1047 3999 1072 4038 e.
1091 3998 1140 4037 cur
1163 4002 1223 4040 non
1252 3992 1306 4045 &c.

388 4081 444 4139 tius
462 4082 579 4164 agebam
596 4061 684 4142 &'Ph.
696 4085 745 4166 qui
753 4084 833 4163 prius
917 4080 993 4149 inste
1005 4081 1054 4160 V,
1069 4104 1107 4165 3,
1127 4105 1140 4146 1
1163 4093 1193 4146 δι
1211 4110 1240 4149 2.

386 4189 480 4251 acrius
495 4189 665 4270 insultabat,
677 4215 756 4261 nunc
769 4193 834 4256 vic.
