2809 5234
404 646 407 647 γ
465 646 479 657 r
494 646 502 647 7
1592 646 1607 647 7
1691 646 1710 647 7
1904 646 1927 647 7
2472 646 2483 647 7

975 756 990 772 N

879 953 1644 1030 PHoRM10.·
2135 906 2272 1046 2'35

492 1171 933 1244 κεῖσε
1078 1168 1164 1238 V.
1286 1148 1733 1235 set-NA
1832 1165 2145 1241 νην.

645 1340 1453 1436 ῬΗΟΚΜἾΟ

1553 1356 1801 1431 solus·
1816 1369 1821 1375 '

358 1473 717 1650 BEne,
772 1560 869 1631 ita
917 1584 1028 1631 me
1078 1557 1150 1630 di
1201 1572 1494 1655 ament,
1545 1553 1798 1627 fastum
1841 1572 1868 1605 ²
1905 1581 1924 1600 ·
1979 1556 2292 1654 gaudeo,

356 1685 659 1757 Tantam
704 1684 1058 1756 fortunam
1106 1682 1193 1754 de
1232 1650 1623 1777 improviso
1661 1675 1795 1751 effe
1841 1677 1947 1750 his
1990 1677 2243 1751 datam.

343 1804 625 1876 Summa
653 1802 979 1876 eludendi
1007 1800 1279 1875 occafio
1322 1798 1422 1873 est
1454 1799 1553 1870 mi
1587 1822 1773 1869 nunc
1808 1795 1999 1870 senes
2028 1852 2054 1887 ,

344 1927 434 1999 Et
473 1927 845 1999 Phaedriae
882 1947 1119 1997 curam
1151 1923 1457 1996 adimere
1495 1940 1516 1983 ³
1558 1920 2015 2016 argentariam
2038 1974 2067 2012 9

346 2051 457 2122 Ne
495 2050 819 2147 cuiquam
851 2045 1137 2119 suorum
1166 2044 1562 2143 aequalium
1599 2041 1889 2162 supplex
1928 2042 2052 2117 fiet
2087 2063 2157 2116 ⁴:
2236 2062 2282 2145 5

346 2170 526 2242 Nam
568 2169 753 2241 idem
801 2166 941 2239 hoc
985 2181 1349 2263 argentum
1385 2217 1416 2252 ,
1456 2162 1555 2267 ita
1596 2179 1675 2236 ut
1726 2164 1964 2238 datum
2004 2164 2144 2257 est,
2178 2166 2292 2265 in-

743 2287 979 2386 gratiis
1001 2341 1026 2377 ,

343 2416 458 2490 Eis
496 2437 517 2482 5
553 2416 790 2488 datum
816 2413 948 2484 erit
983 2421 1012 2458 ⁶
1044 2437 1063 2483 ε
1096 2410 1238 2485 hoc
1269 2430 1302 2475 ⁷
1332 2408 1458 2510 qui
1498 2433 1782 2508 cogam,
1824 2434 1900 2482 re
1935 2407 2077 2506 ipsa
2124 2413 2291 2507 rep2-

640 2559 647 2566 ·
739 2535 913 2631 peri.

349 2653 559 2724 Nunc
602 2649 827 2748 gestus
856 2650 1027 2723 mihi
1067 2649 1448 2751 voltusque
1486 2652 1583 2727 est
1621 2654 2001 2751 capiundus
2038 2676 2294 2725 novus·

281 2797 301 2820 ⁶
347 2776 484 2849 sed
542 2774 707 2848 hinc
747 2775 1129 2848 concedam
1179 2774 1253 2849 in
1296 2777 1749 2876 angiportum
1791 2779 1975 2852 hunc
2025 2802 2296 2875 proxu-

739 2922 933 2974 mum
963 2927 983 2974 :

336 3025 511 3099 Inde
540 3020 723 3096 hisce
741 3021 1100 3096 ostendam
1122 3047 1233 3097 me
1250 3078 1280 3113 ‚
1302 3022 1427 3097 ubi
1448 3044 1651 3098 erunt
1673 3026 1908 3124 egreffi
1932 3026 2118 3101 foras
2145 3052 2164 3097 ε
2203 3054 2291 3104 10

426 3221 450 3260 1
480 3201 760 3261 Phormio
790 3221 856 3258 ex
888 3198 1040 3261 laeta
1070 3221 1230 3262 cata·
1307 3245 1311 3249 -

335 3305 568 3386 strophe
592 3308 813 3365 invenit
831 3305 1132 3367 confilium
1149 3306 1230 3368 se·

334 3430 437 3468 nes
458 3408 759 3484 eludendi,
785 3430 848 3471 ut
871 3432 995 3470 non
1019 3412 1219 3473 redda-

228 3569 231 3573 .
331 3533 423 3575 tur
459 3536 761 3600 argentum
802 3518 996 3580 datum
1034 3519 1222 3581 Phae-

336 3619 509 3681 driae.
577 3621 779 3707 Fingit
844 3626 1066 3708 quippe
1103 3671 1121 3699 ‚
1165 3623 1222 3685 se

335 3726 484 3787 velle
503 3750 745 3790 uxorem
768 3733 886 3790 iam
919 3733 1144 3790 ducere.

416 3856 447 3891 2
487 3836 640 3894 Cave
666 3835 805 3893 haec
839 3835 1008 3892 verba
1033 3834 1219 3892 Anti·

333 3936 523 4020 phoni
558 3957 739 4018 porro
778 3936 931 3996 dieta
978 3936 1176 3995 credas
1193 3980 1216 4008 ,

331 4070 477 4133 quae
502 4047 832 4107 evolantem
864 4068 986 4106 non
1011 4041 1222 4107 affecu·

330 4175 391 4216 ta
416 4153 624 4218 forent.
666 4153 862 4235 Quare
898 4155 967 4216 ab
1001 4156 1076 4214 iis
1111 4174 1218 4213 no-

328 4283 463 4321 vam
519 4261 776 4323 ordimur
829 4260 1057 4324 scenam
1083 4306 1102 4336 ‚
1160 4270 1217 4323 δε

315 4376 521 4453 gaudeo
548 4373 839 4455 iungimus
865 4369 992 4457 sqq.
1024 4391 1058 4432 a
1084 4370 1218 4454 qui-

325 4477 433 4539 bus
458 4479 521 4541 id
548 4478 622 4544 al.
648 4479 928 4544 divulsum
950 4479 1156 4543 fecere.

1483 3225 1509 3283 3
1550 3203 1707 3264 Vide
1739 3207 2071 3264 varietatem
2091 3208 2290 3284 occafio

1394 3311 2044 3371 eludendi-·6·--adimere.
2101 3311 2285 3375 Plaut.

1384 3414 1560 3497 Capt.
1595 3415 1656 3474 II
1683 3461 1700 3488 ,
1747 3437 1772 3494 3
1803 3460 1818 3488 ,
1855 3425 1931 3490 64
1962 3440 2100 3476 nunc
2144 3423 2285 3502 adest
2372 3411 2379 3418 ’

1385 3524 1587 3600 occasio
1610 3521 1870 3600 benefiu‘la
1899 3525 2178 3585 cumulare.

1471 3624 1631 3700 4Cf.
1668 3627 1805 3684 Ast.
1841 3625 1964 3700 IV,
1999 3651 2073 3701 4,
2107 3650 2206 3707 23.

1480 3752 1508 3807 5
1547 3728 1684 3789 Scil.
1721 3729 1967 3791 senibus.

1475 3845 1509 3895 6
1539 3837 1769 3895 Itonia:
1796 3858 2060 3918 argentum
2084 3837 2157 3919 (l.
2175 3861 2289 3920 po-

1384 3942 1497 4000 tius
1547 3962 1659 4020 pro
1717 3964 1959 4024 argento
2008 3968 2284 4026 magnum

1382 4047 1658 4132 malum)
1693 4052 1839 4110 dabo
1877 4054 2097 4112 invitis.
2129 4053 2283 4114 Infra

1382 4155 1458 4215 sc.
1492 4155 1596 4216 ult.
1628 4179 1684 4217 ν.
1721 4163 1792 4235 38
1839 4160 1934 4216 Sic
1959 4156 2280 4234 dabo-:saxo
2342 4192 2348 4198 ·

1382 4265 1484 4324 tali
1513 4264 1591 4340 fit
1619 4270 1870 4323 maelatus
1906 4268 2061 4343 aique
2084 4265 2171 4324 lu‘c
2204 4269 2276 4349 est

1381 4368 1690 4450 infortunia.

1458 4502 1495 4552 7
1555 4477 1694 4542 Scil.
1739 4498 2076 4563 argentum,
2112 4483 2270 4568 quod
