2809 5234
149 215 1315 347 ¹2—

255 599 368 758 ¹320
557 646 1064 749 e.rnnnncrr

292 825 370 920 Ego
386 814 491 893 etiam
509 834 520 869 ¹
537 814 680 889 illorum
692 812 760 888 effe
773 812 862 887 hanc
874 812 1030 915 culpem
1041 818 1266 924 credidiqmr
1305 830 1309 853 ²

485 956 522 1010 te
538 936 587 1009 est
606 960 724 1034 penes.
1237 975 1265 1024 n

174 1148 184 1177 Ι
293 1067 347 1138 Μ.
367 1060 491 1134 Misera
513 1058 586 1133 sum
605 1078 629 1132 ².
649 1061 691 1132 P.
718 1055 852 1130 utinam
868 1052 978 1131 sciam
1001 1059 1059 1137 ita
1075 1067 1153 1142 effe
1167 1068 1266 1144 istun.

484 1181 542 1255 sed
564 1207 656 1255 nunc
680 1179 730 1253 mi
752 1180 790 1252 in
809 1194 969 1250 mentem
989 1186 1133 1279 venit,

291 1310 344 1381 Ex
359 1305 424 1379 hac
439 1327 476 1375 re
495 1302 592 1400 quod
609 1303 730 1375 locuta
745 1324 781 1373 es
795 1297 882 1373 olim
892 1351 906 1391 ,
935 1323 1030 1375 curn
1047 1304 1163 1381 illum
1182 1334 1260 1410 gene·

498 1451 575 1498 rum
603 1446 789 1521 cepimus:

293 1561 386 1633 Nam
412 1552 559 1651 negabas
584 1570 729 1647 nuptam
751 1546 848 1645 poffe
874 1545 985 1621 filiam
1010 1568 1124 1629 tuam
1147 1575 1184 1632 te
1199 1556 1256 1657 pati

295 1684 388 1754 Cum
410 1704 477 1769 eo,
505 1675 566 1775 qni
586 1676 805 1752 meretricem
820 1692 981 1768 amaret,
1011 1682 1086 1781 qui
1104 1687 1266 1784 pemoffi.

494 1819 548 1872 ret
574 1798 672 1876 fotis,
1185 1812 1191 1829 ¹

293 1934 346 2005 M.
374 1931 546 2024 Quamvis
568 1928 704 2004 causam
721 1932 816 2004 hunc
832 1926 1025 2025 suspicari,
1043 1960 1166 2035 quarn
1187 1941 1269 2041 ipsan

488 2075 635 2143 veram,
655 2051 801 2125 mavolo
820 2068 848 2120 ⁴·
1238 2084 1269 2161 25

293 2204 335 2277 P.
369 2201 486 2274 Multo
518 2199 614 2296 prius
636 2198 753 2289 scivi,
771 2223 875 2297 quam
898 2216 967 2288 tu,
996 2198 1118 2281 illum
1146 2210 1273 2286 amicam

502 2325 653 2415 habere,
674 2326 875 2424 Myrrhina..

292 2469 428 2541 Verum
444 2469 478 2538 id
498 2467 624 2541 vitium
641 2495 821 2570 nunquam
839 2469 980 2547 decrevi
1004 2473 1085 2552 ess‘e
1105 2505 1182 2581 ego
1204 2483 1274 2556 ado·

496 2594 677 2670 lescentiae
697 2618 707 2661 τ
729 2620 738 2666 2

294 2739 385 2815 Nam
407 2738 444 2813 id
462 2743 624 2816 omnibus
640 2744 795 2815 innatum
812 2742 871 2818 est.
889 2761 924 2817 at
937 2742 1002 2838 pol
1028 2744 1111 2824 iam
1127 2755 1243 2830 aderit
1257 2768 1278 2846 ⁴,

482 2864 517 2938 se
538 2892 680 2966 quoque
703 2865 806 2941 etiam
826 2891 905 2941 cum
926 2865 1062 2942 oderit.

331 3130 345 3170 1
359 3109 388 3170 h.
403 3129 429 3170 e.
445 3106 546 3170 adhuc.
564 3105 623 3165 Iam
636 3102 737 3183 ipsein
861 3103 962 3180 4H0c
978 3102 1029 3165 sibi
1049 3107 1204 3198 loquitur
1216 3119 1282 3181 seor.

291 3239 434 3292 errorem,
451 3235 595 3298 tamquam
615 3235 687 3270 uxor
700 3233 735 3282 ¹a·
818 3210 877 3274 slm.

288 3325 412 3387 versetur
431 3342 588 3407 generum,
611 3319 734 3395 labitur3
862 3342 876 3395 5
910 3321 983 3380 N0¹¹
1014 3325 1284 3408 ingenio'rribuir

292 3454 352 3516 quo
372 3435 460 3493 utitur
480 3429 582 3490 callida
603 3411 675 3486 uxoi
695 3428 731 3487 ad
815 3426 979 3509 Pamphili,
996 3427 1047 3490 sed
1057 3444 1195 3520 aetatis,
1212 3465 1244 3505 ut
1255 3444 1284 3504 fit

290 3538 383 3593 virum
401 3557 490 3614 porro
505 3532 671 3592 fnllendunt.
817 3553 969 3592 commune
991 3534 1102 3599 vitium
1124 3554 1283 3626 omnium,

336 3665 352 3700 2
373 3640 512 3702 Formula
534 3643 734 3702 innocentiam
816 3665 877 3702 non
896 3643 974 3703 illius
997 3652 1180 3728 proprium.

288 3749 467 3821 testantium,
488 3748 654 3828 pracsertim
671 3771 736 3809 mu-
857 3762 873 3810 6
895 3754 946 3813 int.
964 3772 1068 3833 tempus
1092 3757 1105 3837 (
1128 3769 1218 3846 quod
1246 3767 1283 3828 aL

288 3855 402 3917 lierum.
813 3858 976 3941 ingerunt),
990 3879 1054 3917 cum
1068 3862 1169 3949 ssquo
1181 3875 1284 3955 ipsum

332 3965 384 4041 3h.
396 3985 420 4024 e.
433 3981 459 4021 te
471 3955 525 4021 effe
535 3963 731 4038 innocentem,
813 3967 961 4045 poeniten
991 3988 1109 4029 morum
1140 3978 1282 4045 suorum.

290 4067 516 4129 nonscclcstnnr.
540 4070 732 4134 Sedconvin-
813 4072 928 4152 Elliptit
955 4076 1040 4138 {heta-
1064 4079 1103 4140 cf·
1128 4085 1221 4153 And.
1241 4093 1280 4168 l,

289 4187 352 4230 cere
372 4194 435 4233 cam
463 4192 559 4237 tentat.
814 4192 922 4251 1,125.
