2809 5234
475 856 836 964 'ronterii
1054 894 1123 980 «ος

165 1030 288 1147 illurn,
303 1071 343 1127 ut
355 1051 474 1141 vivat,
488 1066 633 1148 optant3
648 1069 762 1119 meam
776 1063 893 1118 autent
903 1056 1052 1116 mortem
1067 1069 1129 1116 ex·
1180 1040 1184 1046 '
1201 1088 1205 1093 -

353 1173 505 1270 spedant
523 1170 653 1246 scilicet
664 1189 682 1259 J
700 1197 711 1242 z
1083 1194 1129 1242 20

165 1298 217 1368 lta
236 1318 298 1367 eos
321 1316 404 1363 nteo
428 1291 550 1365 labore
578 1289 721 1365 eductos
741 1312 907 1363 maxumo
928 1339 941 1379 ,
965 1284 1021 1359 hic
1046 1284 1130 1357 fecit
1233 1348 1241 1359 .

362 1414 441 1489 suos

167 1539 277 1611 Paulo
294 1555 308 1589 ²
330 1537 480 1636 sumptu.
505 1534 678 1610 miseriam·
692 1560 835 1611 omnem
853 1558 921 1634 ego
934 1532 1033 1631 capio
1050 1529 1132 1625 ‚hic

361 1662 497 1760 potitur
519 1659 642 1758 gnudia
662 1677 686 1729 ³.
792 1746 797 1755 ι

169 1787 265 1881 Age,
285 1809 347 1882 age
379 1800 421 1874 4,
454 1780 634 1854 nunciam
671 1779 829 1878 experiar
851 1803 960 1876 porro
979 1794 1135 1871 contra,

363 1907 490 2006 ecquid
508 1931 575 2005 ego
601 1904 746 2002 poffiem

171 2029 299 2103 Blande
319 2030 435 2103 dicere
445 2032 466 2120 ,'
478 2045 539 2101 aut
558 2027 708 2127 benigne
727 2025 839 2100 facere
859 2046 870 2091 t
880 2079 893 2117 ,
908 2025 1048 2126 quando
1065 2027 1134 2102 huc

193 2242 195 2246 .
358 2166 539 2247 provocat
557 2162 584 2222 ⁶.

167 2276 244 2373 Ego
269 2298 414 2374 quoque
434 2298 454 2344 a
478 2274 563 2347 meis
590 2295 646 2348 me
673 2271 804 2363 amari,
824 2287 861 2345 et
893 2270 1007 2370 magni
1032 2272 1137 2369 pendi

365 2398 518 2495 postulo.
1091 2421 1133 2496 25

171 2522 207 2594 Si
239 2522 276 2595 id
303 2521 343 2594 fit
375 2522 491 2594 dando
520 2541 625 2622 atque
653 2522 907 2625 obsequendo,
930 2552 1004 2600 non
1023 2523 1140 2631 poste·
1260 2525 1264 2611 J

366 2645 477 2718 riores
499 2643 608 2718 feratn
628 2667 655 2723 ⁷.

170 2768 332 2844 Deerit:
366 2766 403 2872 id
434 2790 511 2838 mea
538 2766 680 2840 minime
712 2767 845 2863 refert,
870 2767 932 2868 qui
959 2765 1033 2843 sum
1055 2784 1139 2845 natu

364 2913 545 2965 maxumus
564 2889 589 2963 ⁸.

215 3155 227 3194 r
245 3134 352 3195 Scilicet
364 3134 550 3217 indignanter
566 3131 618 3194 ad·
656 3142 667 3153 ‘
698 3152 797 3216 poeta.

170 3238 272 3300 ditum.
736 3250 752 3301 6
777 3243 830 3300 int.
854 3236 957 3298 Micio.

211 3369 227 3405 2
243 3345 331 3406 Paulo
342 3347 444 3406 adiest.
456 3346 498 3406 uti
518 3345 611 3409 Andr.
736 3370 753 3418 7
772 3345 895 3408 Fallitur
918 3345 1048 3414 Demea,
1076 3341 1140 3404 nes·

170 3453 202 3526 1,
220 3473 253 3528 ς,
275 3474 315 3532 31·
334 3454 362 3514 A
376 3454 607 3537 palinestpau-
691 3457 752 3516 cius
772 3476 854 3515 verae
869 3455 937 3515 artis
952 3472 1081 3514 amorem
1091 3450 1141 3509 fibi

171 3558 251 3619 tulus.
696 3560 883 3622 conciliandi.
899 3561 991 3620 Micio
1005 3560 1044 3623 ite
1059 3557 1143 3619 facie·

181 3746 184 3753 Ι
213 3682 226 3737 3
247 3662 362 3741 Repetit
381 3663 461 3745 quod
477 3662 531 3742 ipsi
545 3684 614 3724 rere
695 3665 743 3725 bat
757 3667 788 3724 in
799 3665 878 3726 loco.
897 3665 1082 3726 Humanitate
1094 3686 1143 3724 ve-

172 3762 262 3824 dolet.
697 3792 761 3830 rum
783 3770 907 3831 aliorum
924 3793 1053 3832 amorem
1067 3795 1143 3854 pto-

143 3945 145 3949 7
214 3868 317 3944 4Iam
343 3868 494 3928 confilium
518 3875 617 3953 capit,
699 3896 845 3936 vocamus.

174 3975 219 4036 cui
240 3972 329 4035 subest
346 3985 374 4036 &
391 3975 617 4055 poenitentia&
742 3985 759 4037 8
778 3979 983 4042 Aemuletione
999 3991 1026 4041 ει
1045 4000 1144 4041 amore

171 4082 291 4149 invidia.
697 4082 740 4143 sui
777 4085 877 4146 dudius
905 4132 914 4161 ,
947 4107 1009 4144 non
1042 4085 1145 4143 hunin-

215 4208 230 4264 5
259 4185 351 4247 Unde
367 4187 463 4248 omnis
488 4186 569 4247 turba
588 4197 617 4250 &
700 4192 807 4262 nitate,
837 4187 917 4249 fuum
941 4190 1070 4248 animum
1090 4206 1145 4245 ex-

174 4292 286 4352 ttistitia
298 4309 364 4351 nata
383 4308 455 4363 erat,
476 4289 544 4349 inde
557 4289 616 4351 iant
696 4287 777 4372 plere
788 4291 867 4371 cupit
875 4334 884 4363 ,
893 4291 979 4349 etiam
991 4308 1056 4348 cunr
1067 4288 1144 4351 dun.

172 4395 305 4460 emnium
339 4395 480 4460 laetitiam
509 4399 616 4480 repetit
648 4451 650 4456 .
698 4419 739 4460 no
761 4396 866 4462 statiis.
899 4397 957 4460 Sed
976 4397 1006 4458 id
1027 4419 1144 4484 quoque

1143 4624 1264 4802 Γ
