2809 5234
206 654 209 655 ⁷
226 654 231 655 ⁷
428 654 436 655 ⁷
487 654 493 655 ⁷
688 654 700 655 ⁷
1247 654 1252 655 ⁷
1286 654 1291 655 ⁷
1452 654 1461 667 ἲ
1762 658 1769 665 ι

761 759 766 763 ’
1432 767 1440 777 ι

837 964 2232 1069 EUNUCHUS.155

311 1126 499 1209 Mori
548 1153 658 1204 me
697 1122 893 1204 ratius
929 1127 1054 1219 est
1090 1127 1408 1221 Simalio,
1441 1130 1746 1220 Donax,
1776 1129 2088 1227 Syrisce,
2141 1131 2246 1204 se·

656 1253 961 1351 quimini.

314 1381 616 1458 Primum
656 1377 837 1453 aedis
877 1375 1298 1493 expugnabo.
1342 1378 1429 1450 6.
1473 1377 1671 1451 recie.
1731 1381 1884 1453 Thr.
1919 1379 2255 1478 virginem

548 1552 558 1559 -
659 1501 964 1598 eripiam.
999 1501 1092 1574 G.
1103 1500 1363 1598 probe.

323 1631 477 1705 Thr.
537 1625 715 1699 Male
741 1625 1118 1715 'titubabo'
1178 1621 1410 1720 ipsam.
1476 1627 1565 1700 G.
1616 1627 1908 1723 pulchre.
1987 1630 2136 1703 Thr.
2180 1630 2250 1703 in

660 1750 953 1825 medium
996 1749 1126 1843 huc
1172 1772 1409 1844 agmen
1464 1774 1617 1821 cum
1659 1752 1828 1824 vecii
1875 1754 2124 1826 Donax
2174 1769 2200 1801 ²
2229 1808 2255 1844 ,

316 1876 430 1954 Tu
475 1874 748 1947 Simalio
787 1874 858 1945 in
903 1870 1226 1949 finistrum
1275 1895 1527 1964 cornu,
1570 1893 1646 1947 tu
1685 1875 1941 1977 Syrisce
1984 1878 2057 1949 in
2091 1879 2252 1952 dex-

658 2019 897 2073 terum.
1897 1996 1907 2014 ⁸
2212 2027 2245 2100 ς

319 2123 516 2199 Cedo
550 2123 758 2196 alios:
805 2119 924 2194 ubi
948 2118 1256 2195 centurio
1293 2120 1391 2193 est
1431 2121 1640 2220 Sanga
1672 2136 1698 2188 3
1720 2177 1743 2214 ,
1777 2140 1846 2198 et
1880 2124 2256 2224 manipulus

305 2246 316 2255 ”
656 2243 882 2319 furum
916 2251 995 2316 4?
1048 2249 1122 2317 S.
1160 2269 1393 2318 eccum
1421 2244 1619 2317 adest.

332 2375 480 2447 Thr.
509 2371 751 2465 Quid,
770 2367 1057 2467 ignave?
1087 2367 1467 2465 peniculon'
1493 2396 1817 2470 pugnare,
1845 2374 1961 2475 qui
2001 2370 2259 2447 isthunc

674 2493 803 2565 huc
833 2510 1101 2589 porte5‚
1134 2492 1387 2590 cogitas
1418 2492 1447 2566 ἓ

327 2623 403 2692 3.
449 2614 766 2713 Egone?
787 2615 1209 2745 imperatcris
1253 2617 1571 2689 virtutem
1614 2643 1970 2711 noveram,
2011 2640 2079 2694 et
2116 2621 2260 2695 vim

672 2737 1001 2836 militum:
1402 2807 1413 2815 .

327 2862 484 2938 Sine
511 2832 824 2962 sanguine
852 2860 987 2937 hoc
1022 2857 1170 2935 fieri
1216 2886 1353 2934 non
1402 2861 1631 2961 poffe:
1673 2866 1788 2963 qui
1822 2865 2263 2969 abstergerem

661 2985 968 3062 volnera.

324 3226 447 3301 dit,
488 3242 721 3307 magnae
778 3225 961 3285 minas
999 3223 1071 3284 ad
1115 3244 1235 3287 tem
1361 3223 1689 3305 indignantis
1707 3219 1888 3296 est‚ut
1909 3220 2132 3282 Phorm.
2153 3223 2266 3299 IV,

324 3318 575 3381 conferre
612 3317 920 3405 trepidans,
949 3319 1234 3380 amuliere
1363 3337 1390 3400 3
1408 3363 1430 3390 ‚
1462 3320 1542 3394 64
1566 3318 1630 3378 &
1656 3315 1833 3380 Andr.
1862 3316 1885 3373 1
1904 3361 1926 3387 ‚
1959 3335 1983 3394 5
2015 3361 2036 3387 ,
2068 3336 2160 3396 29.
2203 3317 2269 3377 &
2318 3370 2322 3375 ,
2449 3328 2457 3337 ·

330 3412 623 3496 prudenter
660 3410 871 3472 delusus
895 3457 914 3488 ,
963 3435 997 3474 a
1037 3412 1233 3473 timido
1357 3412 1667 3494 frequenter
1700 3433 1788 3492 ap.
1825 3408 2092 3470 Plautum.

330 3502 632 3567 Chremete
653 3502 883 3567 fortibus
907 3503 1095 3565 verbis
1127 3505 1243 3565 im·
1455 3523 1478 3562 1
1529 3502 1585 3563 h.
1615 3523 1665 3564 e.
1709 3500 2034 3582 prostratam
2069 3501 2269 3563 verbe-

329 3594 543 3679 pulsus,
572 3596 796 3659 tandem
830 3597 902 3657 ab
932 3596 1052 3683 ipso
1076 3617 1236 3681 para-
1355 3595 1518 3659 rabo·
1577 3594 1671 3655 Al.
1727 3596 1869 3656 male
1921 3597 2068 3657 enim
2101 3595 2270 3657 edunt

333 3687 439 3750 sito
452 3728 476 3761 ,
514 3686 612 3750 suo
664 3692 939 3755 monitore
955 3735 975 3762 ‚
1015 3686 1192 3750 illusus
1215 3735 1235 3764 ,
1357 3688 1609 3749 multabo.

332 3779 441 3841 sese
487 3781 647 3844 misso
708 3785 948 3845 exercitu
1000 3782 1236 3861 recipit,
1448 3802 1481 3841 2
1514 3780 1729 3840 Donax
1757 3779 1963 3854 (latine
2000 3783 2214 3843 arundo
2242 3784 2272 3867 )

330 3882 448 3932 uon
484 3870 583 3930 nisi
619 3873 769 3950 pacis
802 3872 902 3931 suo
938 3870 1117 3935 sumtu
1150 3873 1241 3931 fa-
1362 3873 1591 3932 Simalio
1620 3868 1705 3953 (a
1737 3870 1879 3932 fimo
1908 3874 1944 3935 1.
1969 3873 2164 3960 simia)
2202 3881 2267 3938 ὃ(

334 3963 561 4028 ciendae
584 3962 744 4025 causa
761 3963 859 4023 sub
888 3963 1059 4026 finem
1079 3961 1247 4025 fabu-
1370 3967 1620 4046 Syriscus
1643 3962 1670 4046 (
1695 3963 1867 4026 fistula
1900 3989 2073 4049 parva
2093 3970 2119 4051 )
2139 3971 2276 4030 ridi..

334 4059 421 4122 lae
450 4057 734 4122 rediturus·
778 4055 1019 4116 Multum
1064 4071 1248 4117 autem
1370 4054 1492 4114 cula
1541 4058 1773 4117 nomina
1816 4055 2141 4136 servorum,
2181 4063 2290 4143 qui.
2390 4083 2399 4092 ·

337 4149 477 4215 inest
531 4148 900 4213 delestationis
951 4150 1009 4210 in
1064 4166 1257 4231 paratu
1375 4147 1572 4209 milites
1607 4147 1791 4212 essent.

298 4245 327 4278 “¹
337 4246 551 4309 militari
587 4245 775 4327 magni
795 4242 976 4305 militis
995 4243 1058 4307 &
1086 4238 1248 4326 gestis
1460 4261 1488 4323 3
1528 4244 1711 4325 Sanga
1729 4289 1751 4316 ,
1789 4264 1998 4325 coquus
2027 4261 2159 4306 erat.

338 4360 472 4402 cum
497 4360 586 4401 eo.
630 4336 789 4400 Verfi
838 4358 888 4401 ι.
930 4340 1049 4410 Ut,
1089 4336 1243 4419 quod
1447 4357 1490 4410 4
1519 4335 1578 4398 h.
1610 4355 1661 4400 e.
1693 4334 1929 4420 militum
1961 4336 2275 4416 expeditio-

337 4435 482 4501 male
516 4434 743 4519 quidam
784 4434 905 4501 libri
940 4433 1247 4505 euxinum,
1368 4452 1514 4498 tum.
