<?xml version="1.0" encoding="UTF-8"?>
<!DOCTYPE html PUBLIC "-//W3C//DTD XHTML 1.0 Transitional//EN"
    "http://www.w3.org/TR/xhtml1/DTD/xhtml1-transitional.dtd">
<html xmlns="http://www.w3.org/1999/xhtml" xml:lang="en" lang="en">
 <head>
  <title>
</title>
<meta http-equiv="Content-Type" content="text/html;charset=utf-8" />
  <meta name='ocr-system' content='tesseract 3.04.00' />
  <meta name='ocr-capabilities' content='ocr_page ocr_carea ocr_par ocr_line ocrx_word'/>
</head>
<body>
  <div class='ocr_page' id='page_1' title='image "./publiiterentiia00teregoog_0092.png"; bbox 0 0 2809 5234; ppageno 0'>
   <div class='ocr_carea' id='block_1_1' title="bbox 152 804 890 892">
    <p class='ocr_par' dir='ltr' id='par_1_1' title="bbox 152 804 890 892">
     <span class='ocr_line' id='line_1_1' title="bbox 152 804 890 892; baseline 0.007 -20"><span class='ocrx_word' id='word_1_1' title='bbox 152 810 205 892; x_wconf 80' lang='lat'>&#39;40</span> <span class='ocrx_word' id='word_1_2' title='bbox 416 804 890 877; x_wconf 75' lang='lat' dir='ltr'>nnenenrrr</span> 
     </span>
    </p>
   </div>
   <div class='ocr_carea' id='block_1_2' title="bbox 129 955 1201 3354">
    <p class='ocr_par' dir='ltr' id='par_1_2' title="bbox 156 955 1134 1157">
     <span class='ocr_line' id='line_1_2' title="bbox 156 955 1134 1068; baseline 0.017 -38"><span class='ocrx_word' id='word_1_3' title='bbox 156 962 208 1030; x_wconf 94' lang='lat' dir='ltr'><strong><em>D.</em></strong></span> <span class='ocrx_word' id='word_1_4' title='bbox 218 955 310 1054; x_wconf 84' lang='lat' dir='ltr'>Quid</span> <span class='ocrx_word' id='word_1_5' title='bbox 322 961 456 1044; x_wconf 80' lang='lat' dir='ltr'>credas?</span> <span class='ocrx_word' id='word_1_6' title='bbox 472 964 562 1062; x_wconf 76' lang='lat' dir='ltr'>quasi</span> <span class='ocrx_word' id='word_1_7' title='bbox 575 989 646 1038; x_wconf 93' lang='lat' dir='ltr'>non</span> <span class='ocrx_word' id='word_1_8' title='bbox 661 964 722 1040; x_wconf 84' lang='lat' dir='ltr'>tibi</span> <span class='ocrx_word' id='word_1_9' title='bbox 738 966 924 1041; x_wconf 84' lang='lat' dir='ltr'>renuntiata</span> <span class='ocrx_word' id='word_1_10' title='bbox 943 966 1005 1044; x_wconf 86' lang='lat' dir='ltr'>fint</span> <span class='ocrx_word' id='word_1_11' title='bbox 1019 969 1134 1068; x_wconf 75' lang='lat' dir='ltr'>haec,</span> 
     </span>
     <span class='ocr_line' id='line_1_3' title="bbox 296 1079 448 1157; baseline 0.02 -3"><span class='ocrx_word' id='word_1_12' title='bbox 296 1079 342 1156; x_wconf 86' lang='lat' dir='ltr'>fic</span> <span class='ocrx_word' id='word_1_13' title='bbox 362 1082 448 1157; x_wconf 83' lang='lat' dir='ltr'>sore.</span> 
     </span>
    </p>

    <p class='ocr_par' dir='ltr' id='par_1_3' title="bbox 153 1199 1134 1302">
     <span class='ocr_line' id='line_1_4' title="bbox 153 1199 1134 1302; baseline 0.02 -28"><span class='ocrx_word' id='word_1_14' title='bbox 153 1206 191 1276; x_wconf 87' lang='lat' dir='ltr'>S.</span> <span class='ocrx_word' id='word_1_15' title='bbox 209 1199 328 1276; x_wconf 89' lang='lat' dir='ltr'>Mihin’</span> <span class='ocrx_word' id='word_1_16' title='bbox 349 1205 526 1302; x_wconf 86' lang='lat' dir='ltr'>qnisquam</span> <span class='ocrx_word' id='word_1_17' title='bbox 545 1205 583 1278; x_wconf 82' lang='lat'>¹?</span> <span class='ocrx_word' id='word_1_18' title='bbox 607 1211 660 1282; x_wconf 89' lang='lat' dir='ltr'>D.</span> <span class='ocrx_word' id='word_1_19' title='bbox 684 1209 775 1285; x_wconf 90' lang='lat' dir='ltr'>eho!</span> <span class='ocrx_word' id='word_1_20' title='bbox 804 1236 845 1284; x_wconf 88' lang='lat' dir='ltr'>an</span> <span class='ocrx_word' id='word_1_21' title='bbox 867 1229 935 1285; x_wconf 87' lang='lat' dir='ltr'>tute</span> <span class='ocrx_word' id='word_1_22' title='bbox 962 1213 1134 1294; x_wconf 83' lang='lat' dir='ltr'>intellexti</span> 
     </span>
    </p>

    <p class='ocr_par' dir='ltr' id='par_1_4' title="bbox 319 1325 1133 1413">
     <span class='ocr_line' id='line_1_5' title="bbox 319 1325 1133 1413; baseline 0.016 -14"><span class='ocrx_word' id='word_1_23' title='bbox 319 1326 388 1401; x_wconf 89' lang='lat' dir='ltr'>hoc</span> <span class='ocrx_word' id='word_1_24' title='bbox 405 1325 605 1400; x_wconf 62' lang='lat' dir='ltr'>assimilari?</span> <span class='ocrx_word' id='word_1_25' title='bbox 631 1337 668 1403; x_wconf 86' lang='lat' dir='ltr'><strong><em>S.</em></strong></span> <span class='ocrx_word' id='word_1_26' title='bbox 688 1332 840 1405; x_wconf 91' lang='lat' dir='ltr'>irrideor.</span> <span class='ocrx_word' id='word_1_27' title='bbox 1078 1362 1133 1413; x_wconf 76' lang='grc' dir='ltr'>ιο</span> 
     </span>
    </p>

    <p class='ocr_par' dir='ltr' id='par_1_5' title="bbox 150 1446 1134 1549">
     <span class='ocr_line' id='line_1_6' title="bbox 150 1446 1134 1549; baseline 0.013 -29"><span class='ocrx_word' id='word_1_28' title='bbox 150 1449 202 1521; x_wconf 88' lang='lat' dir='ltr'>D.</span> <span class='ocrx_word' id='word_1_29' title='bbox 228 1446 466 1520; x_wconf 84' lang='lat' dir='ltr'>Renuntiatum</span> <span class='ocrx_word' id='word_1_30' title='bbox 489 1447 547 1523; x_wconf 82' lang='lat' dir='ltr'>est.</span> <span class='ocrx_word' id='word_1_31' title='bbox 586 1451 746 1549; x_wconf 87' lang='lat' dir='ltr'>namqui</span> <span class='ocrx_word' id='word_1_32' title='bbox 772 1450 892 1526; x_wconf 82' lang='lat' dir='ltr'>isthaec</span> <span class='ocrx_word' id='word_1_33' title='bbox 915 1451 977 1525; x_wconf 90' lang='lat' dir='ltr'>ribi</span> <span class='ocrx_word' id='word_1_34' title='bbox 1003 1450 1134 1534; x_wconf 84' lang='lat' dir='ltr'>incidit</span> 
     </span>
    </p>

    <p class='ocr_par' dir='ltr' id='par_1_6' title="bbox 321 1569 488 1669">
     <span class='ocr_line' id='line_1_7' title="bbox 321 1569 488 1669; baseline 0.006 -24"><span class='ocrx_word' id='word_1_35' title='bbox 321 1569 488 1669; x_wconf 80' lang='lat' dir='ltr'>suspicio?</span> 
     </span>
    </p>

    <p class='ocr_par' dir='ltr' id='par_1_7' title="bbox 129 1692 1130 1915">
     <span class='ocr_line' id='line_1_8' title="bbox 153 1692 1130 1792; baseline 0.007 -24"><span class='ocrx_word' id='word_1_36' title='bbox 153 1702 192 1769; x_wconf 88' lang='lat' dir='ltr'>S.</span> <span class='ocrx_word' id='word_1_37' title='bbox 210 1693 306 1789; x_wconf 84' lang='lat' dir='ltr'>Qui?</span> <span class='ocrx_word' id='word_1_38' title='bbox 326 1694 403 1792; x_wconf 88' lang='lat' dir='ltr'>quia</span> <span class='ocrx_word' id='word_1_39' title='bbox 426 1709 458 1766; x_wconf 87' lang='lat' dir='ltr'>te</span> <span class='ocrx_word' id='word_1_40' title='bbox 480 1718 611 1768; x_wconf 84' lang='lat' dir='ltr'>norarn.</span> <span class='ocrx_word' id='word_1_41' title='bbox 636 1697 689 1767; x_wconf 89' lang='lat' dir='ltr'>D.</span> <span class='ocrx_word' id='word_1_42' title='bbox 707 1692 796 1791; x_wconf 74' lang='lat' dir='ltr'>quali</span> <span class='ocrx_word' id='word_1_43' title='bbox 817 1711 853 1767; x_wconf 88' lang='lat' dir='ltr'>tu</span> <span class='ocrx_word' id='word_1_44' title='bbox 871 1694 980 1787; x_wconf 87' lang='lat' dir='ltr'>dicas,</span> <span class='ocrx_word' id='word_1_45' title='bbox 996 1696 1130 1775; x_wconf 68' lang='lat' dir='ltr'>saliunt</span> 
     </span>
     <span class='ocr_line' id='line_1_9' title="bbox 129 1811 624 1915; baseline 0 -30"><span class='ocrx_word' id='word_1_46' title='bbox 129 1907 133 1915; x_wconf 27' lang='grc' dir='ltr'>Ι</span> <span class='ocrx_word' id='word_1_47' title='bbox 320 1812 355 1885; x_wconf 92' lang='lat' dir='ltr'>id</span> <span class='ocrx_word' id='word_1_48' title='bbox 374 1811 511 1887; x_wconf 82' lang='lat' dir='ltr'>confilio</span> <span class='ocrx_word' id='word_1_49' title='bbox 534 1835 624 1885; x_wconf 91' lang='lat' dir='ltr'><strong><em>meo.</em></strong></span> 
     </span>
    </p>

    <p class='ocr_par' dir='ltr' id='par_1_8' title="bbox 150 1928 1127 2028">
     <span class='ocr_line' id='line_1_10' title="bbox 150 1928 1127 2028; baseline 0.003 -24"><span class='ocrx_word' id='word_1_50' title='bbox 150 1936 188 2008; x_wconf 80' lang='lat' dir='ltr'><strong><em>S.</em></strong></span> <span class='ocrx_word' id='word_1_51' title='bbox 208 1931 309 2005; x_wconf 83' lang='lat' dir='ltr'>Certe</span> <span class='ocrx_word' id='word_1_52' title='bbox 322 1931 411 2004; x_wconf 88' lang='lat' dir='ltr'>enim</span> <span class='ocrx_word' id='word_1_53' title='bbox 428 1931 508 2006; x_wconf 84' lang='lat' dir='ltr'>scio.</span> <span class='ocrx_word' id='word_1_54' title='bbox 527 1936 578 2003; x_wconf 89' lang='lat' dir='ltr'>D.</span> <span class='ocrx_word' id='word_1_55' title='bbox 594 1953 663 2004; x_wconf 91' lang='lat' dir='ltr'>non</span> <span class='ocrx_word' id='word_1_56' title='bbox 678 1928 818 2003; x_wconf 77' lang='lat' dir='ltr'>satisne</span> <span class='ocrx_word' id='word_1_57' title='bbox 833 1929 978 2028; x_wconf 86' lang='lat' dir='ltr'>pernosti</span> <span class='ocrx_word' id='word_1_58' title='bbox 997 1929 1102 2007; x_wconf 85' lang='lat' dir='ltr'>etiam</span> <span class='ocrx_word' id='word_1_59' title='bbox 1112 1986 1127 2027; x_wconf 89' lang='lat'><strong>,</strong></span> 
     </span>
    </p>

    <p class='ocr_par' dir='ltr' id='par_1_9' title="bbox 151 2051 1125 2379">
     <span class='ocr_line' id='line_1_11' title="bbox 320 2051 658 2152; baseline -0.006 -25"><span class='ocrx_word' id='word_1_60' title='bbox 320 2053 424 2152; x_wconf 87' lang='lat' dir='ltr'>qualis</span> <span class='ocrx_word' id='word_1_61' title='bbox 447 2051 531 2143; x_wconf 86' lang='lat' dir='ltr'>lim,</span> <span class='ocrx_word' id='word_1_62' title='bbox 554 2051 658 2125; x_wconf 83' lang='lat' dir='ltr'>Simo.</span> 
     </span>
     <span class='ocr_line' id='line_1_12' title="bbox 151 2170 1125 2281; baseline -0.005 -30"><span class='ocrx_word' id='word_1_63' title='bbox 151 2186 189 2255; x_wconf 86' lang='lat' dir='ltr'><strong><em>S.</em></strong></span> <span class='ocrx_word' id='word_1_64' title='bbox 212 2180 329 2281; x_wconf 81' lang='lat' dir='ltr'>Egone</span> <span class='ocrx_word' id='word_1_65' title='bbox 353 2178 416 2253; x_wconf 79' lang='lat' dir='ltr'>rei</span> <span class='ocrx_word' id='word_1_66' title='bbox 445 2182 497 2248; x_wconf 91' lang='lat' dir='ltr'>D.</span> <span class='ocrx_word' id='word_1_67' title='bbox 522 2177 600 2266; x_wconf 79' lang='lat' dir='ltr'>led,</span> <span class='ocrx_word' id='word_1_68' title='bbox 626 2175 652 2248; x_wconf 78' lang='lat' dir='ltr'>si</span> <span class='ocrx_word' id='word_1_69' title='bbox 682 2172 764 2273; x_wconf 86' lang='lat' dir='ltr'>quid</span> <span class='ocrx_word' id='word_1_70' title='bbox 788 2196 922 2248; x_wconf 80' lang='lat' dir='ltr'>narrare</span> <span class='ocrx_word' id='word_1_71' title='bbox 951 2170 1125 2271; x_wconf 85' lang='lat' dir='ltr'>occoepi,</span> 
     </span>
     <span class='ocr_line' id='line_1_13' title="bbox 318 2299 581 2379; baseline -0.03 0"><span class='ocrx_word' id='word_1_72' title='bbox 318 2301 481 2379; x_wconf 89' lang='lat' dir='ltr'>continuo</span> <span class='ocrx_word' id='word_1_73' title='bbox 509 2299 581 2373; x_wconf 82' lang='lat' dir='ltr'>dari</span> 
     </span>
    </p>

    <p class='ocr_par' dir='ltr' id='par_1_10' title="bbox 151 2419 1125 2521">
     <span class='ocr_line' id='line_1_14' title="bbox 151 2419 1125 2521; baseline -0.002 -23"><span class='ocrx_word' id='word_1_74' title='bbox 151 2424 232 2500; x_wconf 85' lang='lat' dir='ltr'>Tibi</span> <span class='ocrx_word' id='word_1_75' title='bbox 249 2426 351 2499; x_wconf 85' lang='lat' dir='ltr'>verba</span> <span class='ocrx_word' id='word_1_76' title='bbox 372 2425 493 2500; x_wconf 84' lang='lat' dir='ltr'>censes.</span> <span class='ocrx_word' id='word_1_77' title='bbox 511 2432 550 2498; x_wconf 82' lang='lat' dir='ltr'><strong><em>S.</em></strong></span> <span class='ocrx_word' id='word_1_78' title='bbox 563 2421 645 2496; x_wconf 86' lang='lat' dir='ltr'>falso</span> <span class='ocrx_word' id='word_1_79' title='bbox 662 2434 688 2497; x_wconf 92' lang='lat'><strong><em>².</em></strong></span> <span class='ocrx_word' id='word_1_80' title='bbox 711 2422 762 2495; x_wconf 91' lang='lat' dir='ltr'><strong><em>D.</em></strong></span> <span class='ocrx_word' id='word_1_81' title='bbox 779 2419 889 2521; x_wconf 81' lang='lat' dir='ltr'>itaque</span> <span class='ocrx_word' id='word_1_82' title='bbox 907 2421 1018 2497; x_wconf 88' lang='lat' dir='ltr'>hercle</span> <span class='ocrx_word' id='word_1_83' title='bbox 1037 2420 1125 2496; x_wconf 90' lang='lat' dir='ltr'>nihil</span> 
     </span>
    </p>

    <p class='ocr_par' dir='ltr' id='par_1_11' title="bbox 270 2546 1116 2644">
     <span class='ocr_line' id='line_1_15' title="bbox 270 2546 1116 2644; baseline -0.008 -20"><span class='ocrx_word' id='word_1_84' title='bbox 270 2620 272 2624; x_wconf 87' lang='lat'><strong><em>.</em></strong></span> <span class='ocrx_word' id='word_1_85' title='bbox 320 2546 387 2620; x_wconf 84' lang='lat' dir='ltr'>iarn</span> <span class='ocrx_word' id='word_1_86' title='bbox 411 2547 532 2620; x_wconf 86' lang='lat' dir='ltr'>mutire</span> <span class='ocrx_word' id='word_1_87' title='bbox 553 2547 672 2620; x_wconf 84' lang='lat' dir='ltr'><strong><em>audeo.</em></strong></span> <span class='ocrx_word' id='word_1_88' title='bbox 1072 2570 1116 2644; x_wconf 83' lang='lat'>²5</span> 
     </span>
    </p>

    <p class='ocr_par' dir='ltr' id='par_1_12' title="bbox 155 2661 1124 2866">
     <span class='ocr_line' id='line_1_16' title="bbox 155 2661 1124 2766; baseline 0.003 -30"><span class='ocrx_word' id='word_1_89' title='bbox 155 2672 193 2739; x_wconf 82' lang='lat' dir='ltr'><strong><em>S.</em></strong></span> <span class='ocrx_word' id='word_1_90' title='bbox 218 2665 297 2741; x_wconf 89' lang='lat' dir='ltr'>Hoc</span> <span class='ocrx_word' id='word_1_91' title='bbox 322 2690 388 2766; x_wconf 85' lang='lat' dir='ltr'>ego</span> <span class='ocrx_word' id='word_1_92' title='bbox 413 2667 483 2740; x_wconf 88' lang='lat' dir='ltr'>scio</span> <span class='ocrx_word' id='word_1_93' title='bbox 510 2692 639 2757; x_wconf 88' lang='lat' dir='ltr'>unum,</span> <span class='ocrx_word' id='word_1_94' title='bbox 667 2664 836 2738; x_wconf 89' lang='lat' dir='ltr'>neminem</span> <span class='ocrx_word' id='word_1_95' title='bbox 863 2661 1024 2762; x_wconf 84' lang='lat' dir='ltr'>peperille</span> <span class='ocrx_word' id='word_1_96' title='bbox 1053 2664 1124 2740; x_wconf 88' lang='lat' dir='ltr'>hic.</span> 
     </span>
     <span class='ocr_line' id='line_1_17' title="bbox 323 2790 606 2866; baseline 0.004 -3"><span class='ocrx_word' id='word_1_97' title='bbox 323 2794 374 2866; x_wconf 95' lang='lat' dir='ltr'><strong><em>D.</em></strong></span> <span class='ocrx_word' id='word_1_98' title='bbox 402 2790 563 2864; x_wconf 84' lang='lat' dir='ltr'>intellexti</span> <span class='ocrx_word' id='word_1_99' title='bbox 581 2806 606 2864; x_wconf 82' lang='lat'><strong><em>3.</em></strong></span> 
     </span>
    </p>

    <p class='ocr_par' dir='ltr' id='par_1_13' title="bbox 155 2910 1122 3010">
     <span class='ocr_line' id='line_1_18' title="bbox 155 2910 1122 3010; baseline 0.004 -27"><span class='ocrx_word' id='word_1_100' title='bbox 155 2910 222 2986; x_wconf 82' lang='lat' dir='ltr'>Sed</span> <span class='ocrx_word' id='word_1_101' title='bbox 248 2911 353 2986; x_wconf 86' lang='lat' dir='ltr'>nihilo</span> <span class='ocrx_word' id='word_1_102' title='bbox 379 2911 477 2988; x_wconf 87' lang='lat' dir='ltr'>seciu’</span> <span class='ocrx_word' id='word_1_103' title='bbox 504 2936 587 2986; x_wconf 84' lang='lat' dir='ltr'>rnox</span> <span class='ocrx_word' id='word_1_104' title='bbox 615 2912 764 2992; x_wconf 82' lang='lat' dir='ltr'>deferent</span> <span class='ocrx_word' id='word_1_105' title='bbox 792 2935 932 3010; x_wconf 87' lang='lat' dir='ltr'>puerum</span> <span class='ocrx_word' id='word_1_106' title='bbox 955 2912 1020 2985; x_wconf 88' lang='lat' dir='ltr'>huc</span> <span class='ocrx_word' id='word_1_107' title='bbox 1044 2929 1122 2987; x_wconf 81' lang='lat' dir='ltr'>ante</span> 
     </span>
    </p>

    <p class='ocr_par' dir='ltr' id='par_1_14' title="bbox 156 3032 1201 3354">
     <span class='ocr_line' id='line_1_19' title="bbox 321 3032 1201 3110; baseline 0 -2"><span class='ocrx_word' id='word_1_108' title='bbox 321 3033 454 3110; x_wconf 84' lang='lat' dir='ltr'>ostium.</span> <span class='ocrx_word' id='word_1_109' title='bbox 1198 3032 1201 3037; x_wconf 74' lang='grc'><strong>’</strong></span> 
     </span>
     <span class='ocr_line' id='line_1_20' title="bbox 156 3152 1122 3258; baseline -0.001 -30"><span class='ocrx_word' id='word_1_110' title='bbox 156 3156 194 3229; x_wconf 91' lang='lat' dir='ltr'>ld</span> <span class='ocrx_word' id='word_1_111' title='bbox 213 3180 277 3258; x_wconf 80' lang='lat' dir='ltr'>ego</span> <span class='ocrx_word' id='word_1_112' title='bbox 295 3183 384 3235; x_wconf 88' lang='lat' dir='ltr'>nunc</span> <span class='ocrx_word' id='word_1_113' title='bbox 401 3156 463 3230; x_wconf 88' lang='lat' dir='ltr'>tibi</span> <span class='ocrx_word' id='word_1_114' title='bbox 485 3152 642 3228; x_wconf 87' lang='lat' dir='ltr'>renuntio</span> <span class='ocrx_word' id='word_1_115' title='bbox 659 3170 692 3247; x_wconf 88' lang='grc'>4,</span> <span class='ocrx_word' id='word_1_116' title='bbox 712 3153 815 3241; x_wconf 87' lang='lat' dir='ltr'>here,</span> <span class='ocrx_word' id='word_1_117' title='bbox 836 3153 1001 3246; x_wconf 85' lang='lat' dir='ltr'>futurum,</span> <span class='ocrx_word' id='word_1_118' title='bbox 1021 3171 1058 3227; x_wconf 87' lang='lat' dir='ltr'>ut</span> <span class='ocrx_word' id='word_1_119' title='bbox 1079 3152 1122 3228; x_wconf 82' lang='lat' dir='ltr'>fis</span> 
     </span>
     <span class='ocr_line' id='line_1_21' title="bbox 320 3280 448 3354; baseline -0.039 0"><span class='ocrx_word' id='word_1_120' title='bbox 320 3280 448 3354; x_wconf 83' lang='lat' dir='ltr'>sciens:</span> 
     </span>
    </p>
   </div>
   <div class='ocr_carea' id='block_1_3' title="bbox 155 3375 1119 3615">
    <p class='ocr_par' dir='ltr' id='par_1_15' title="bbox 155 3375 1119 3615">
     <span class='ocr_line' id='line_1_22' title="bbox 155 3375 1119 3496; baseline 0.008 -29"><span class='ocrx_word' id='word_1_121' title='bbox 155 3395 255 3469; x_wconf 73' lang='lat' dir='ltr'>nen</span> <span class='ocrx_word' id='word_1_122' title='bbox 274 3400 341 3472; x_wconf 72' lang='lat' dir='ltr'>noc</span> <span class='ocrx_word' id='word_1_123' title='bbox 362 3397 445 3473; x_wconf 70' lang='lat' dir='ltr'>min</span> <span class='ocrx_word' id='word_1_124' title='bbox 466 3393 629 3496; x_wconf 67' lang='lat' dir='ltr'>posterius</span> <span class='ocrx_word' id='word_1_125' title='bbox 646 3375 761 3488; x_wconf 68' lang='lat' dir='ltr'>nnn,</span> <span class='ocrx_word' id='word_1_126' title='bbox 778 3395 872 3472; x_wconf 75' lang='lat' dir='ltr'>navt</span> <span class='ocrx_word' id='word_1_127' title='bbox 891 3398 1013 3473; x_wconf 74' lang='lat' dir='ltr'>fanum</span> <span class='ocrx_word' id='word_1_128' title='bbox 1030 3422 1119 3474; x_wconf 71' lang='lat' dir='ltr'>con-</span> 
     </span>
     <span class='ocr_line' id='line_1_23' title="bbox 319 3523 611 3615; baseline 0.01 -21"><span class='ocrx_word' id='word_1_129' title='bbox 319 3523 417 3615; x_wconf 86' lang='lat' dir='ltr'>filio,</span> <span class='ocrx_word' id='word_1_130' title='bbox 438 3549 494 3599; x_wconf 85' lang='lat' dir='ltr'>aut</span> <span class='ocrx_word' id='word_1_131' title='bbox 514 3523 611 3597; x_wconf 88' lang='lat' dir='ltr'>dolis.</span> 
     </span>
    </p>
   </div>
   <div class='ocr_carea' id='block_1_4' title="bbox 155 3640 1119 3872">
    <p class='ocr_par' dir='ltr' id='par_1_16' title="bbox 155 3640 1119 3872">
     <span class='ocr_line' id='line_1_24' title="bbox 155 3640 1119 3749; baseline 0.012 -36"><span class='ocrx_word' id='word_1_132' title='bbox 155 3640 328 3716; x_wconf 83' lang='lat' dir='ltr'>Prorsusa</span> <span class='ocrx_word' id='word_1_133' title='bbox 349 3670 403 3719; x_wconf 89' lang='lat' dir='ltr'>me</span> <span class='ocrx_word' id='word_1_134' title='bbox 424 3647 624 3746; x_wconf 87' lang='lat' dir='ltr'>opinionem</span> <span class='ocrx_word' id='word_1_135' title='bbox 642 3647 728 3724; x_wconf 85' lang='lat' dir='ltr'>hanc</span> <span class='ocrx_word' id='word_1_136' title='bbox 748 3670 838 3724; x_wconf 79' lang='lat' dir='ltr'>tuam</span> <span class='ocrx_word' id='word_1_137' title='bbox 857 3649 922 3724; x_wconf 79' lang='lat' dir='ltr'>elie</span> <span class='ocrx_word' id='word_1_138' title='bbox 942 3674 1007 3749; x_wconf 84' lang='lat' dir='ltr'>ego</span> <span class='ocrx_word' id='word_1_139' title='bbox 1020 3675 1119 3725; x_wconf 82' lang='lat' dir='ltr'>anro-</span> 
     </span>
     <span class='ocr_line' id='line_1_25' title="bbox 324 3769 1116 3872; baseline 0.015 -36"><span class='ocrx_word' id='word_1_140' title='bbox 324 3788 392 3836; x_wconf 86' lang='lat' dir='ltr'>ram</span> <span class='ocrx_word' id='word_1_141' title='bbox 417 3769 513 3843; x_wconf 86' lang='lat' dir='ltr'>volo.</span> <span class='ocrx_word' id='word_1_142' title='bbox 876 3846 879 3852; x_wconf 78' lang='grc'>,</span> <span class='ocrx_word' id='word_1_143' title='bbox 1067 3797 1116 3872; x_wconf 83' lang='lat'>30</span> 
     </span>
    </p>
   </div>
   <div class='ocr_carea' id='block_1_5' title="bbox 152 3912 1116 4094">
    <p class='ocr_par' dir='ltr' id='par_1_17' title="bbox 152 3912 1116 4094">
     <span class='ocr_line' id='line_1_26' title="bbox 197 3912 1116 4001; baseline 0.004 -27"><span class='ocrx_word' id='word_1_144' title='bbox 197 3915 317 3978; x_wconf 78' lang='lat' dir='ltr'>1Favet</span> <span class='ocrx_word' id='word_1_145' title='bbox 334 3912 385 3974; x_wconf 86' lang='lat' dir='ltr'>libi</span> <span class='ocrx_word' id='word_1_146' title='bbox 408 3913 511 3982; x_wconf 82' lang='lat' dir='ltr'>senex</span> <span class='ocrx_word' id='word_1_147' title='bbox 503 3935 532 3975; x_wconf 80' lang='lat' dir='ltr'>tn</span> <span class='ocrx_word' id='word_1_148' title='bbox 548 3937 604 3994; x_wconf 85' lang='lat' dir='ltr'>eo,</span> <span class='ocrx_word' id='word_1_149' title='bbox 701 3915 878 4001; x_wconf 81' lang='lat' dir='ltr'>4Fiingt1se</span> <span class='ocrx_word' id='word_1_150' title='bbox 893 3918 1024 3998; x_wconf 82' lang='lat' dir='ltr'>prodere,</span> <span class='ocrx_word' id='word_1_151' title='bbox 1039 3917 1116 3998; x_wconf 88' lang='lat' dir='ltr'>quod</span> 
     </span>
     <span class='ocr_line' id='line_1_27' title="bbox 152 4006 1114 4094; baseline 0.004 -26"><span class='ocrx_word' id='word_1_152' title='bbox 152 4007 229 4088; x_wconf 79' lang='lat' dir='ltr'>qood</span> <span class='ocrx_word' id='word_1_153' title='bbox 250 4007 277 4070; x_wconf 90' lang='lat' dir='ltr'>se</span> <span class='ocrx_word' id='word_1_154' title='bbox 295 4009 357 4072; x_wconf 86' lang='lat' dir='ltr'>vult</span> <span class='ocrx_word' id='word_1_155' title='bbox 382 4006 527 4089; x_wconf 87' lang='lat' dir='ltr'>persp</span> <span class='ocrx_word' id='word_1_156' title='bbox 462 4028 527 4069; x_wconf 82' lang='lat' dir='ltr'>cac</span> <span class='ocrx_word' id='word_1_157' title='bbox 529 4029 605 4071; x_wconf 85' lang='lat' dir='ltr'>orenr</span> <span class='ocrx_word' id='word_1_158' title='bbox 662 4012 718 4094; x_wconf 87' lang='lat' dir='ltr'>ipse</span> <span class='ocrx_word' id='word_1_159' title='bbox 735 4012 851 4074; x_wconf 69' lang='lat' dir='ltr'>fnilurus</span> <span class='ocrx_word' id='word_1_160' title='bbox 861 4008 918 4073; x_wconf 91' lang='lat' dir='ltr'>est</span> <span class='ocrx_word' id='word_1_161' title='bbox 911 4029 965 4072; x_wconf 88' lang='lat' dir='ltr'>·ut</span> <span class='ocrx_word' id='word_1_162' title='bbox 983 4032 1038 4071; x_wconf 93' lang='lat' dir='ltr'>non</span> <span class='ocrx_word' id='word_1_163' title='bbox 1052 4032 1114 4072; x_wconf 89' lang='lat' dir='ltr'>cre-</span> 
     </span>
    </p>
   </div>
   <div class='ocr_carea' id='block_1_6' title="bbox 151 4098 1115 4189">
    <p class='ocr_par' dir='ltr' id='par_1_18' title="bbox 151 4098 1115 4189">
     <span class='ocr_line' id='line_1_28' title="bbox 151 4098 1115 4189; baseline 0.007 -28"><span class='ocrx_word' id='word_1_164' title='bbox 151 4098 252 4166; x_wconf 72' lang='lat' dir='ltr'>¹videri.</span> <span class='ocrx_word' id='word_1_165' title='bbox 662 4105 709 4165; x_wconf 80' lang='lat' dir='ltr'>dat</span> <span class='ocrx_word' id='word_1_166' title='bbox 733 4105 813 4168; x_wconf 83' lang='lat' dir='ltr'>senex</span> <span class='ocrx_word' id='word_1_167' title='bbox 832 4107 867 4164; x_wconf 87' lang='lat' dir='ltr'>ab</span> <span class='ocrx_word' id='word_1_168' title='bbox 887 4127 921 4166; x_wconf 91' lang='lat' dir='ltr'>eo</span> <span class='ocrx_word' id='word_1_169' title='bbox 941 4103 1019 4177; x_wconf 85' lang='lat' dir='ltr'>fieri,</span> <span class='ocrx_word' id='word_1_170' title='bbox 1036 4102 1115 4189; x_wconf 80' lang='lat' dir='ltr'>quod</span> 
     </span>
    </p>
   </div>
   <div class='ocr_carea' id='block_1_7' title="bbox 101 4187 908 4359">
    <p class='ocr_par' dir='ltr' id='par_1_19' title="bbox 101 4187 908 4359">
     <span class='ocr_line' id='line_1_29' title="bbox 101 4187 908 4279; baseline 0.024 -32"><span class='ocrx_word' id='word_1_171' title='bbox 101 4248 103 4253; x_wconf 82' lang='grc'>,</span> <span class='ocrx_word' id='word_1_172' title='bbox 134 4224 139 4237; x_wconf 90' lang='lat'><em>·</em></span> <span class='ocrx_word' id='word_1_173' title='bbox 197 4206 218 4249; x_wconf 80' lang='lat'>²</span> <span class='ocrx_word' id='word_1_174' title='bbox 239 4187 345 4253; x_wconf 79' lang='lat' dir='ltr'>ironice</span> <span class='ocrx_word' id='word_1_175' title='bbox 369 4191 609 4271; x_wconf 73' lang='lat' dir='ltr'>pronuntiarim</span> <span class='ocrx_word' id='word_1_176' title='bbox 665 4198 827 4279; x_wconf 74' lang='lat' dir='ltr'>praedixerit</span> <span class='ocrx_word' id='word_1_177' title='bbox 840 4199 908 4266; x_wconf 85' lang='lat' dir='ltr'>fote.</span> 
     </span>
     <span class='ocr_line' id='line_1_30' title="bbox 197 4274 491 4359; baseline 0.004 -20"><span class='ocrx_word' id='word_1_178' title='bbox 197 4292 214 4359; x_wconf 74' lang='lat'><em>2</em></span> <span class='ocrx_word' id='word_1_179' title='bbox 234 4274 305 4339; x_wconf 58' lang='lat' dir='ltr'><strong><em>lue.</em></strong></span> <span class='ocrx_word' id='word_1_180' title='bbox 324 4299 385 4340; x_wconf 86' lang='lat' dir='ltr'>rent</span> <span class='ocrx_word' id='word_1_181' title='bbox 404 4294 491 4348; x_wconf 82' lang='lat' dir='ltr'>tenes.</span> 
     </span>
    </p>
   </div>
   <div class='ocr_carea' id='block_1_8' title="bbox 0 0 1413 5234">
    <p class='ocr_par' dir='ltr' id='par_1_20' title="bbox 0 0 1413 5234">
     <span class='ocr_line' id='line_1_31' title="bbox 0 0 1413 5234; baseline 0 0"><span class='ocrx_word' id='word_1_182' title='bbox 0 0 1413 5234; x_wconf 95' lang='lat' dir='ltr'> </span> 
     </span>
    </p>
   </div>
  </div>
 </body>
</html>
