<?xml version="1.0" encoding="UTF-8"?>
<!DOCTYPE html PUBLIC "-//W3C//DTD XHTML 1.0 Transitional//EN"
    "http://www.w3.org/TR/xhtml1/DTD/xhtml1-transitional.dtd">
<html xmlns="http://www.w3.org/1999/xhtml" xml:lang="en" lang="en">
 <head>
  <title>
</title>
<meta http-equiv="Content-Type" content="text/html;charset=utf-8" />
  <meta name='ocr-system' content='tesseract 3.04.00' />
  <meta name='ocr-capabilities' content='ocr_page ocr_carea ocr_par ocr_line ocrx_word'/>
</head>
<body>
  <div class='ocr_page' id='page_1' title='image "./publiiterentiia00teregoog_0378.png"; bbox 0 0 2809 5234; ppageno 0'>
   <div class='ocr_carea' id='block_1_1' title="bbox 244 860 968 953">
    <p class='ocr_par' dir='ltr' id='par_1_1' title="bbox 244 860 968 953">
     <span class='ocr_line' id='line_1_1' title="bbox 244 860 968 953; baseline -0.011 -9"><span class='ocrx_word' id='word_1_1' title='bbox 244 891 295 953; x_wconf 78' lang='grc' dir='ltr'><strong>ἠ</strong></span> <span class='ocrx_word' id='word_1_2' title='bbox 485 860 968 952; x_wconf 61' lang='lat' dir='ltr'>umatum</span> 
     </span>
    </p>
   </div>
   <div class='ocr_carea' id='block_1_2' title="bbox 244 1027 1219 1243">
    <p class='ocr_par' dir='ltr' id='par_1_2' title="bbox 244 1027 1219 1243">
     <span class='ocr_line' id='line_1_2' title="bbox 244 1027 1067 1126; baseline -0.016 -17"><span class='ocrx_word' id='word_1_3' title='bbox 244 1036 439 1125; x_wconf 86' lang='lat' dir='ltr'>Retinere,</span> <span class='ocrx_word' id='word_1_4' title='bbox 458 1032 562 1107; x_wconf 84' lang='lat' dir='ltr'>satitu</span> <span class='ocrx_word' id='word_1_5' title='bbox 582 1029 650 1105; x_wconf 84' lang='lat' dir='ltr'>effe</span> <span class='ocrx_word' id='word_1_6' title='bbox 672 1027 809 1119; x_wconf 88' lang='lat' dir='ltr'>credo,</span> <span class='ocrx_word' id='word_1_7' title='bbox 829 1049 934 1126; x_wconf 83' lang='lat' dir='ltr'>quant</span> <span class='ocrx_word' id='word_1_8' title='bbox 957 1032 1067 1099; x_wconf 69' lang='lat' dir='ltr'>metu:</span> 
     </span>
     <span class='ocr_line' id='line_1_3' title="bbox 244 1138 1219 1243; baseline -0.013 -15"><span class='ocrx_word' id='word_1_9' title='bbox 244 1155 339 1229; x_wconf 87' lang='lat' dir='ltr'>Haec</span> <span class='ocrx_word' id='word_1_10' title='bbox 365 1152 464 1228; x_wconf 85' lang='lat' dir='ltr'>fratri</span> <span class='ocrx_word' id='word_1_11' title='bbox 482 1175 619 1226; x_wconf 76' lang='lat' dir='ltr'>mentm</span> <span class='ocrx_word' id='word_1_12' title='bbox 639 1172 713 1222; x_wconf 85' lang='lat' dir='ltr'>nou</span> <span class='ocrx_word' id='word_1_13' title='bbox 737 1147 955 1225; x_wconf 86' lang='lat' dir='ltr'>conveniunt</span> <span class='ocrx_word' id='word_1_14' title='bbox 974 1199 987 1239; x_wconf 88' lang='lat'><strong>,</strong></span> <span class='ocrx_word' id='word_1_15' title='bbox 1004 1164 1117 1243; x_wconf 85' lang='lat' dir='ltr'>neque</span> <span class='ocrx_word' id='word_1_16' title='bbox 1139 1138 1219 1239; x_wconf 87' lang='lat' dir='ltr'>pla·&#39;</span> 
     </span>
    </p>
   </div>
   <div class='ocr_carea' id='block_1_3' title="bbox 213 1293 1224 3337">
    <p class='ocr_par' dir='ltr' id='par_1_3' title="bbox 441 1293 534 1350">
     <span class='ocr_line' id='line_1_4' title="bbox 441 1293 534 1350; baseline 0 0"><span class='ocrx_word' id='word_1_17' title='bbox 441 1293 534 1350; x_wconf 89' lang='lat' dir='ltr'>cent.</span> 
     </span>
    </p>

    <p class='ocr_par' dir='ltr' id='par_1_4' title="bbox 213 1390 1210 1494">
     <span class='ocr_line' id='line_1_5' title="bbox 213 1390 1210 1494; baseline -0.01 -21"><span class='ocrx_word' id='word_1_18' title='bbox 213 1422 223 1449; x_wconf 66' lang='lat'><em>1</em></span> <span class='ocrx_word' id='word_1_19' title='bbox 247 1418 259 1456; x_wconf 88' lang='lat'><em>¹</em></span> <span class='ocrx_word' id='word_1_20' title='bbox 279 1400 385 1475; x_wconf 87' lang='lat' dir='ltr'>Venit</span> <span class='ocrx_word' id='word_1_21' title='bbox 396 1401 439 1473; x_wconf 85' lang='lat' dir='ltr'>ad</span> <span class='ocrx_word' id='word_1_22' title='bbox 447 1424 502 1471; x_wconf 87' lang='lat' dir='ltr'>me</span> <span class='ocrx_word' id='word_1_23' title='bbox 517 1396 616 1491; x_wconf 84' lang='lat' dir='ltr'>saepe</span> <span class='ocrx_word' id='word_1_24' title='bbox 627 1391 894 1494; x_wconf 77' lang='lat' dir='ltr'>clamanstquid</span> <span class='ocrx_word' id='word_1_25' title='bbox 903 1390 1133 1494; x_wconf 80' lang='lat' dir='ltr'>agis‚Micio?</span> <span class='ocrx_word' id='word_1_26' title='bbox 1166 1411 1210 1490; x_wconf 80' lang='lat'>35</span> 
     </span>
    </p>

    <p class='ocr_par' dir='ltr' id='par_1_5' title="bbox 245 1517 1129 1623">
     <span class='ocr_line' id='line_1_6' title="bbox 245 1517 1129 1623; baseline -0.014 -25"><span class='ocrx_word' id='word_1_27' title='bbox 245 1526 321 1604; x_wconf 85' lang='lat' dir='ltr'>Cur</span> <span class='ocrx_word' id='word_1_28' title='bbox 348 1522 463 1623; x_wconf 83' lang='lat' dir='ltr'>perdis</span> <span class='ocrx_word' id='word_1_29' title='bbox 486 1517 742 1593; x_wconf 78' lang='lat' dir='ltr'>adolescentem</span> <span class='ocrx_word' id='word_1_30' title='bbox 766 1518 896 1592; x_wconf 83' lang='lat' dir='ltr'>nobis?</span> <span class='ocrx_word' id='word_1_31' title='bbox 919 1540 983 1591; x_wconf 91' lang='lat' dir='ltr'>cur</span> <span class='ocrx_word' id='word_1_32' title='bbox 1003 1519 1129 1588; x_wconf 84' lang='lat' dir='ltr'>amat?</span> 
     </span>
    </p>

    <p class='ocr_par' dir='ltr' id='par_1_6' title="bbox 244 1632 1167 1743">
     <span class='ocr_line' id='line_1_7' title="bbox 244 1632 1167 1743; baseline -0.009 -24"><span class='ocrx_word' id='word_1_33' title='bbox 244 1652 320 1723; x_wconf 88' lang='lat' dir='ltr'>Cur</span> <span class='ocrx_word' id='word_1_34' title='bbox 334 1644 458 1743; x_wconf 84' lang='lat' dir='ltr'>potat?</span> <span class='ocrx_word' id='word_1_35' title='bbox 471 1662 534 1712; x_wconf 90' lang='lat' dir='ltr'>cur</span> <span class='ocrx_word' id='word_1_36' title='bbox 549 1656 587 1710; x_wconf 95' lang='lat' dir='ltr'>tu</span> <span class='ocrx_word' id='word_1_37' title='bbox 603 1637 656 1710; x_wconf 88' lang='lat' dir='ltr'>his</span> <span class='ocrx_word' id='word_1_38' title='bbox 673 1636 777 1711; x_wconf 86' lang='lat' dir='ltr'>rebus</span> <span class='ocrx_word' id='word_1_39' title='bbox 798 1636 972 1734; x_wconf 88' lang='lat' dir='ltr'>sumptum</span> <span class='ocrx_word' id='word_1_40' title='bbox 989 1632 1167 1737; x_wconf 81' lang='lat' dir='ltr'>suggeris?</span> 
     </span>
    </p>

    <p class='ocr_par' dir='ltr' id='par_1_7' title="bbox 245 1755 1142 1856">
     <span class='ocr_line' id='line_1_8' title="bbox 245 1755 1142 1856; baseline 0.001 -25"><span class='ocrx_word' id='word_1_41' title='bbox 245 1757 381 1831; x_wconf 85' lang='lat' dir='ltr'>Vestitu</span> <span class='ocrx_word' id='word_1_42' title='bbox 398 1771 412 1805; x_wconf 82' lang='lat'>²</span> <span class='ocrx_word' id='word_1_43' title='bbox 430 1755 540 1828; x_wconf 87' lang='lat' dir='ltr'>nimio</span> <span class='ocrx_word' id='word_1_44' title='bbox 561 1755 721 1855; x_wconf 82' lang='lat' dir='ltr'><strong>indulges</strong></span> <span class='ocrx_word' id='word_1_45' title='bbox 739 1779 749 1826; x_wconf 77' lang='grc' dir='ltr'><strong>ε</strong></span> <span class='ocrx_word' id='word_1_46' title='bbox 768 1755 913 1830; x_wconf 85' lang='lat' dir='ltr'>nimium</span> <span class='ocrx_word' id='word_1_47' title='bbox 939 1760 1078 1856; x_wconf 83' lang='lat' dir='ltr'>ineptus</span> <span class='ocrx_word' id='word_1_48' title='bbox 1094 1783 1142 1833; x_wconf 84' lang='lat' dir='ltr'>es.</span> 
     </span>
    </p>

    <p class='ocr_par' dir='ltr' id='par_1_8' title="bbox 244 1877 1217 2081">
     <span class='ocr_line' id='line_1_9' title="bbox 244 1877 1217 1979; baseline 0 -24"><span class='ocrx_word' id='word_1_49' title='bbox 244 1878 400 1955; x_wconf 84' lang='lat' dir='ltr'>Nimium</span> <span class='ocrx_word' id='word_1_50' title='bbox 422 1877 494 1977; x_wconf 91' lang='lat' dir='ltr'>ipse</span> <span class='ocrx_word' id='word_1_51' title='bbox 521 1877 570 1952; x_wconf 80' lang='lat' dir='ltr'>est</span> <span class='ocrx_word' id='word_1_52' title='bbox 596 1879 729 1972; x_wconf 86' lang='lat' dir='ltr'>dutus,</span> <span class='ocrx_word' id='word_1_53' title='bbox 762 1896 900 1977; x_wconf 87' lang='lat' dir='ltr'>praeter</span> <span class='ocrx_word' id='word_1_54' title='bbox 928 1904 1150 1979; x_wconf 80' lang='lat' dir='ltr'>aequumque</span> <span class='ocrx_word' id='word_1_55' title='bbox 1180 1898 1217 1956; x_wconf 87' lang='lat' dir='ltr'>et</span> 
     </span>
     <span class='ocr_line' id='line_1_10' title="bbox 440 2006 601 2081; baseline 0.019 -3"><span class='ocrx_word' id='word_1_56' title='bbox 440 2006 601 2081; x_wconf 84' lang='lat' dir='ltr'>bonum:</span> 
     </span>
    </p>

    <p class='ocr_par' dir='ltr' id='par_1_9' title="bbox 244 2128 1224 2233">
     <span class='ocr_line' id='line_1_11' title="bbox 244 2128 1224 2233; baseline 0.003 -30"><span class='ocrx_word' id='word_1_57' title='bbox 244 2128 291 2203; x_wconf 80' lang='lat' dir='ltr'>Et</span> <span class='ocrx_word' id='word_1_58' title='bbox 311 2147 403 2203; x_wconf 80' lang='lat' dir='ltr'>errat</span> <span class='ocrx_word' id='word_1_59' title='bbox 417 2130 523 2229; x_wconf 88' lang='lat' dir='ltr'>longe</span> <span class='ocrx_word' id='word_1_60' title='bbox 540 2186 553 2224; x_wconf 89' lang='lat'>,</span> <span class='ocrx_word' id='word_1_61' title='bbox 573 2157 649 2207; x_wconf 87' lang='lat' dir='ltr'>mea</span> <span class='ocrx_word' id='word_1_62' title='bbox 670 2132 814 2233; x_wconf 88' lang='lat' dir='ltr'>quidem</span> <span class='ocrx_word' id='word_1_63' title='bbox 837 2132 1025 2223; x_wconf 86' lang='lat' dir='ltr'>sententia,</span> <span class='ocrx_word' id='word_1_64' title='bbox 1164 2134 1224 2226; x_wconf 65' lang='lat'>46</span> 
     </span>
    </p>

    <p class='ocr_par' dir='ltr' id='par_1_10' title="bbox 244 2245 1213 2353">
     <span class='ocr_line' id='line_1_12' title="bbox 244 2245 1213 2353; baseline -0.002 -26"><span class='ocrx_word' id='word_1_65' title='bbox 244 2255 319 2346; x_wconf 89' lang='lat' dir='ltr'>Qui</span> <span class='ocrx_word' id='word_1_66' title='bbox 341 2245 525 2353; x_wconf 80' lang='lat' dir='ltr'>irnperium</span> <span class='ocrx_word' id='word_1_67' title='bbox 546 2254 664 2328; x_wconf 85' lang='lat' dir='ltr'>credat</span> <span class='ocrx_word' id='word_1_68' title='bbox 688 2254 829 2352; x_wconf 81' lang='lat' dir='ltr'>gravius</span> <span class='ocrx_word' id='word_1_69' title='bbox 850 2275 859 2318; x_wconf 79' lang='lat'>³</span> <span class='ocrx_word' id='word_1_70' title='bbox 879 2253 946 2326; x_wconf 80' lang='lat' dir='ltr'>esse</span> <span class='ocrx_word' id='word_1_71' title='bbox 964 2271 1024 2326; x_wconf 88' lang='lat' dir='ltr'>aut</span> <span class='ocrx_word' id='word_1_72' title='bbox 1047 2250 1213 2342; x_wconf 80' lang='lat' dir='ltr'>stabilius,</span> 
     </span>
    </p>

    <p class='ocr_par' dir='ltr' id='par_1_11' title="bbox 242 2375 1216 2594">
     <span class='ocr_line' id='line_1_13' title="bbox 242 2375 1216 2479; baseline -0.007 -24"><span class='ocrx_word' id='word_1_73' title='bbox 242 2380 278 2455; x_wconf 82' lang='lat' dir='ltr'>V</span> <span class='ocrx_word' id='word_1_74' title='bbox 281 2378 293 2450; x_wconf 93' lang='lat' dir='ltr'>i</span> <span class='ocrx_word' id='word_1_75' title='bbox 312 2381 410 2479; x_wconf 91' lang='lat' dir='ltr'>quod</span> <span class='ocrx_word' id='word_1_76' title='bbox 440 2378 502 2469; x_wconf 86' lang='lat' dir='ltr'>fit,</span> <span class='ocrx_word' id='word_1_77' title='bbox 532 2405 638 2478; x_wconf 89' lang='lat' dir='ltr'>quam</span> <span class='ocrx_word' id='word_1_78' title='bbox 662 2378 774 2470; x_wconf 87' lang='lat' dir='ltr'>illud,</span> <span class='ocrx_word' id='word_1_79' title='bbox 795 2378 893 2477; x_wconf 88' lang='lat' dir='ltr'>quod</span> <span class='ocrx_word' id='word_1_80' title='bbox 915 2376 1067 2452; x_wconf 82' lang='lat' dir='ltr'>amicitia</span> <span class='ocrx_word' id='word_1_81' title='bbox 1090 2375 1216 2450; x_wconf 82' lang='lat' dir='ltr'>adiun-</span> 
     </span>
     <span class='ocr_line' id='line_1_14' title="bbox 435 2517 570 2594; baseline 0 -25"><span class='ocrx_word' id='word_1_82' title='bbox 435 2517 527 2594; x_wconf 74' lang='lat' dir='ltr'>gitur</span> <span class='ocrx_word' id='word_1_83' title='bbox 543 2519 570 2569; x_wconf 89' lang='grc'>4.</span> 
     </span>
    </p>

    <p class='ocr_par' dir='ltr' id='par_1_12' title="bbox 243 2617 1215 2711">
     <span class='ocr_line' id='line_1_15' title="bbox 243 2617 1215 2711; baseline -0.003 -19"><span class='ocrx_word' id='word_1_84' title='bbox 243 2622 324 2692; x_wconf 87' lang='lat' dir='ltr'>Mea</span> <span class='ocrx_word' id='word_1_85' title='bbox 348 2617 393 2692; x_wconf 85' lang='lat' dir='ltr'>stc</span> <span class='ocrx_word' id='word_1_86' title='bbox 416 2619 462 2690; x_wconf 82' lang='lat' dir='ltr'>est</span> <span class='ocrx_word' id='word_1_87' title='bbox 483 2621 598 2711; x_wconf 85' lang='lat' dir='ltr'>ratio,</span> <span class='ocrx_word' id='word_1_88' title='bbox 623 2637 659 2693; x_wconf 85' lang='lat' dir='ltr'>et</span> <span class='ocrx_word' id='word_1_89' title='bbox 679 2617 725 2695; x_wconf 88' lang='lat' dir='ltr'>fic</span> <span class='ocrx_word' id='word_1_90' title='bbox 744 2619 898 2693; x_wconf 83' lang='lat' dir='ltr'>animum</span> <span class='ocrx_word' id='word_1_91' title='bbox 922 2618 1051 2693; x_wconf 84' lang='lat' dir='ltr'>induco</span> <span class='ocrx_word' id='word_1_92' title='bbox 1072 2644 1188 2692; x_wconf 90' lang='lat' dir='ltr'>meum</span> <span class='ocrx_word' id='word_1_93' title='bbox 1205 2644 1215 2689; x_wconf 75' lang='grc' dir='ltr'><strong><em>ε</em></strong></span> 
     </span>
    </p>

    <p class='ocr_par' dir='ltr' id='par_1_13' title="bbox 243 2741 1021 2840">
     <span class='ocr_line' id='line_1_16' title="bbox 243 2741 1021 2840; baseline 0.005 -26"><span class='ocrx_word' id='word_1_94' title='bbox 243 2741 342 2814; x_wconf 84' lang='lat' dir='ltr'>Malo</span> <span class='ocrx_word' id='word_1_95' title='bbox 360 2742 497 2814; x_wconf 62' lang='lat' dir='ltr'>coactus</span> <span class='ocrx_word' id='word_1_96' title='bbox 523 2743 584 2840; x_wconf 93' lang='lat' dir='ltr'>qui</span> <span class='ocrx_word' id='word_1_97' title='bbox 604 2741 704 2815; x_wconf 88' lang='lat' dir='ltr'>suum</span> <span class='ocrx_word' id='word_1_98' title='bbox 730 2743 884 2816; x_wconf 86' lang='lat' dir='ltr'>officium</span> <span class='ocrx_word' id='word_1_99' title='bbox 910 2743 1021 2834; x_wconf 86' lang='lat' dir='ltr'>facit,</span> 
     </span>
    </p>

    <p class='ocr_par' dir='ltr' id='par_1_14' title="bbox 243 2863 1213 2966">
     <span class='ocr_line' id='line_1_17' title="bbox 243 2863 1213 2966; baseline 0.002 -29"><span class='ocrx_word' id='word_1_100' title='bbox 243 2863 344 2937; x_wconf 89' lang='lat' dir='ltr'>Dum</span> <span class='ocrx_word' id='word_1_101' title='bbox 366 2864 402 2935; x_wconf 94' lang='lat' dir='ltr'>id</span> <span class='ocrx_word' id='word_1_102' title='bbox 420 2863 580 2937; x_wconf 86' lang='lat' dir='ltr'>rescitum</span> <span class='ocrx_word' id='word_1_103' title='bbox 598 2865 640 2936; x_wconf 89' lang='lat' dir='ltr'>iri</span> <span class='ocrx_word' id='word_1_104' title='bbox 655 2865 794 2953; x_wconf 90' lang='lat' dir='ltr'>credit,</span> <span class='ocrx_word' id='word_1_105' title='bbox 814 2863 980 2962; x_wconf 84' lang='lat' dir='ltr'>tantisper</span> <span class='ocrx_word' id='word_1_106' title='bbox 993 2883 1117 2953; x_wconf 87' lang='lat' dir='ltr'>cavet;</span> <span class='ocrx_word' id='word_1_107' title='bbox 1166 2882 1213 2966; x_wconf 81' lang='lat'>45</span> 
     </span>
    </p>

    <p class='ocr_par' dir='ltr' id='par_1_15' title="bbox 245 2984 1180 3087">
     <span class='ocr_line' id='line_1_18' title="bbox 245 2984 1180 3087; baseline 0.002 -27"><span class='ocrx_word' id='word_1_108' title='bbox 245 2987 283 3060; x_wconf 82' lang='lat' dir='ltr'>si</span> <span class='ocrx_word' id='word_1_109' title='bbox 303 2984 415 3085; x_wconf 84' lang='lat' dir='ltr'>sperat</span> <span class='ocrx_word' id='word_1_110' title='bbox 433 2988 510 3063; x_wconf 88' lang='lat' dir='ltr'>sore</span> <span class='ocrx_word' id='word_1_111' title='bbox 533 2991 646 3079; x_wconf 85' lang='lat' dir='ltr'>clam,</span> <span class='ocrx_word' id='word_1_112' title='bbox 667 2987 802 3065; x_wconf 89' lang='lat' dir='ltr'>rursum</span> <span class='ocrx_word' id='word_1_113' title='bbox 824 2989 867 3087; x_wconf 77' lang='lat' dir='ltr'>ad</span> <span class='ocrx_word' id='word_1_114' title='bbox 885 2989 1062 3087; x_wconf 85' lang='lat' dir='ltr'>ingenium</span> <span class='ocrx_word' id='word_1_115' title='bbox 1079 2991 1180 3062; x_wconf 86' lang='lat' dir='ltr'>redit.</span> 
     </span>
    </p>

    <p class='ocr_par' dir='ltr' id='par_1_16' title="bbox 248 3109 1191 3209">
     <span class='ocr_line' id='line_1_19' title="bbox 248 3109 1191 3209; baseline 0.001 -24"><span class='ocrx_word' id='word_1_116' title='bbox 248 3113 368 3206; x_wconf 87' lang='lat' dir='ltr'>Quem</span> <span class='ocrx_word' id='word_1_117' title='bbox 393 3113 565 3187; x_wconf 80' lang='lat' dir='ltr'>beneficio</span> <span class='ocrx_word' id='word_1_118' title='bbox 588 3109 772 3209; x_wconf 81' lang='lat' dir='ltr'>adiungas,</span> <span class='ocrx_word' id='word_1_119' title='bbox 794 3111 853 3184; x_wconf 88' lang='lat' dir='ltr'>ille</span> <span class='ocrx_word' id='word_1_120' title='bbox 878 3139 922 3185; x_wconf 86' lang='lat' dir='ltr'>ex</span> <span class='ocrx_word' id='word_1_121' title='bbox 945 3114 1063 3186; x_wconf 85' lang='lat' dir='ltr'>animo</span> <span class='ocrx_word' id='word_1_122' title='bbox 1083 3114 1191 3200; x_wconf 87' lang='lat' dir='ltr'>sacit;</span> 
     </span>
    </p>

    <p class='ocr_par' dir='ltr' id='par_1_17' title="bbox 245 3236 1214 3337">
     <span class='ocr_line' id='line_1_20' title="bbox 245 3236 1214 3337; baseline 0.001 -28"><span class='ocrx_word' id='word_1_123' title='bbox 245 3238 368 3312; x_wconf 84' lang='lat' dir='ltr'>Studet</span> <span class='ocrx_word' id='word_1_124' title='bbox 382 3262 445 3337; x_wconf 90' lang='lat' dir='ltr'>pat</span> <span class='ocrx_word' id='word_1_125' title='bbox 463 3236 619 3330; x_wconf 86' lang='lat' dir='ltr'>referte,</span> <span class='ocrx_word' id='word_1_126' title='bbox 639 3237 798 3336; x_wconf 86' lang='lat' dir='ltr'>praesens</span> <span class='ocrx_word' id='word_1_127' title='bbox 819 3237 1007 3337; x_wconf 85' lang='lat' dir='ltr'>absensque</span> <span class='ocrx_word' id='word_1_128' title='bbox 1027 3240 1121 3313; x_wconf 89' lang='lat' dir='ltr'>idem</span> <span class='ocrx_word' id='word_1_129' title='bbox 1137 3239 1214 3311; x_wconf 87' lang='lat' dir='ltr'>erit.</span> 
     </span>
    </p>
   </div>
   <div class='ocr_carea' id='block_1_4' title="bbox 198 3496 692 3792">
    <p class='ocr_par' dir='ltr' id='par_1_18' title="bbox 198 3496 692 3792">
     <span class='ocr_line' id='line_1_21' title="bbox 290 3496 691 3590; baseline 0.015 -32"><span class='ocrx_word' id='word_1_130' title='bbox 290 3516 305 3558; x_wconf 87' lang='lat'>1</span> <span class='ocrx_word' id='word_1_131' title='bbox 325 3496 439 3566; x_wconf 77' lang='lat' dir='ltr'>Laudat</span> <span class='ocrx_word' id='word_1_132' title='bbox 460 3503 541 3590; x_wconf 84' lang='lat' dir='ltr'>seqq.</span> <span class='ocrx_word' id='word_1_133' title='bbox 562 3505 691 3588; x_wconf 86' lang='lat' dir='ltr'>quinque</span> 
     </span>
     <span class='ocr_line' id='line_1_22' title="bbox 198 3602 689 3706; baseline 0.029 -49"><span class='ocrx_word' id='word_1_134' title='bbox 198 3688 208 3706; x_wconf 76' lang='lat'>.</span> <span class='ocrx_word' id='word_1_135' title='bbox 227 3649 230 3656; x_wconf 91' lang='lat'><em>.</em></span> <span class='ocrx_word' id='word_1_136' title='bbox 247 3602 342 3662; x_wconf 78' lang='lat' dir='ltr'>versus</span> <span class='ocrx_word' id='word_1_137' title='bbox 363 3607 425 3668; x_wconf 84' lang='lat' dir='ltr'>Cic.</span> <span class='ocrx_word' id='word_1_138' title='bbox 442 3612 476 3670; x_wconf 90' lang='lat' dir='ltr'>de</span> <span class='ocrx_word' id='word_1_139' title='bbox 491 3613 552 3672; x_wconf 89' lang='lat' dir='ltr'>lnv.</span> <span class='ocrx_word' id='word_1_140' title='bbox 567 3611 580 3669; x_wconf 90' lang='lat' dir='ltr'>I</span> <span class='ocrx_word' id='word_1_141' title='bbox 590 3631 642 3686; x_wconf 72' lang='lat'>,19</span> <span class='ocrx_word' id='word_1_142' title='bbox 658 3631 689 3671; x_wconf 88' lang='lat' dir='ltr'>ut</span> 
     </span>
     <span class='ocr_line' id='line_1_23' title="bbox 249 3712 692 3792; baseline 0.029 -24"><span class='ocrx_word' id='word_1_143' title='bbox 249 3712 413 3792; x_wconf 82' lang='lat' dir='ltr'>exemplum</span> <span class='ocrx_word' id='word_1_144' title='bbox 429 3721 601 3779; x_wconf 85' lang='lat' dir='ltr'>narrationis</span> <span class='ocrx_word' id='word_1_145' title='bbox 616 3741 622 3776; x_wconf 76' lang='grc' dir='ltr'><strong>ι</strong></span> <span class='ocrx_word' id='word_1_146' title='bbox 637 3719 692 3780; x_wconf 80' lang='lat' dir='ltr'>Illa</span> 
     </span>
    </p>
   </div>
   <div class='ocr_carea' id='block_1_5' title="bbox 134 3821 692 3909">
    <p class='ocr_par' dir='ltr' id='par_1_19' title="bbox 134 3821 692 3909">
     <span class='ocr_line' id='line_1_24' title="bbox 134 3821 692 3909; baseline 0.023 -33"><span class='ocrx_word' id='word_1_147' title='bbox 134 3821 140 3827; x_wconf 81' lang='grc'><strong>’</strong></span> <span class='ocrx_word' id='word_1_148' title='bbox 248 3834 335 3876; x_wconf 77' lang='lat' dir='ltr'>autern</span> <span class='ocrx_word' id='word_1_149' title='bbox 350 3825 479 3894; x_wconf 77' lang='lat' dir='ltr'>narratio,</span> <span class='ocrx_word' id='word_1_150' title='bbox 495 3848 562 3905; x_wconf 79' lang='lat' dir='ltr'>quae</span> <span class='ocrx_word' id='word_1_151' title='bbox 577 3825 692 3909; x_wconf 76' lang='lat' dir='ltr'>versatur</span> 
     </span>
    </p>
   </div>
   <div class='ocr_carea' id='block_1_6' title="bbox 248 3926 692 4322">
    <p class='ocr_par' dir='ltr' id='par_1_20' title="bbox 248 3926 692 4322">
     <span class='ocr_line' id='line_1_25' title="bbox 249 3926 691 4020; baseline 0.027 -34"><span class='ocrx_word' id='word_1_152' title='bbox 249 3926 280 3986; x_wconf 74' lang='lat' dir='ltr'>in</span> <span class='ocrx_word' id='word_1_153' title='bbox 294 3928 425 4009; x_wconf 65' lang='lat' dir='ltr'>perlinit,</span> <span class='ocrx_word' id='word_1_154' title='bbox 445 3932 567 4011; x_wconf 74' lang='lat' dir='ltr'>eiusmodi</span> <span class='ocrx_word' id='word_1_155' title='bbox 588 3941 643 4020; x_wconf 76' lang='lat' dir='ltr'>est,</span> <span class='ocrx_word' id='word_1_156' title='bbox 661 3955 691 3998; x_wconf 74' lang='lat' dir='ltr'>ut</span> 
     </span>
     <span class='ocr_line' id='line_1_26' title="bbox 250 4029 690 4119; baseline 0.02 -31"><span class='ocrx_word' id='word_1_157' title='bbox 250 4029 280 4088; x_wconf 72' lang='lat' dir='ltr'>in</span> <span class='ocrx_word' id='word_1_158' title='bbox 305 4052 337 4089; x_wconf 84' lang='lat' dir='ltr'>ea</span> <span class='ocrx_word' id='word_1_159' title='bbox 349 4029 432 4108; x_wconf 83' lang='lat' dir='ltr'>fimul</span> <span class='ocrx_word' id='word_1_160' title='bbox 455 4054 513 4091; x_wconf 86' lang='lat' dir='ltr'>cum</span> <span class='ocrx_word' id='word_1_161' title='bbox 534 4040 607 4097; x_wconf 80' lang='lat' dir='ltr'>rebus</span> <span class='ocrx_word' id='word_1_162' title='bbox 629 4040 690 4119; x_wconf 80' lang='lat' dir='ltr'>ipfis</span> 
     </span>
     <span class='ocr_line' id='line_1_27' title="bbox 248 4136 692 4218; baseline 0.007 -24"><span class='ocrx_word' id='word_1_163' title='bbox 248 4136 544 4218; x_wconf 63' lang='lat' dir='ltr'>perfirnmumsermoues</span> <span class='ocrx_word' id='word_1_164' title='bbox 556 4187 564 4214; x_wconf 84' lang='lat'>‚</span> <span class='ocrx_word' id='word_1_165' title='bbox 576 4144 692 4204; x_wconf 61' lang='lat' dir='ltr'>&amp;anim</span> 
     </span>
     <span class='ocr_line' id='line_1_28' title="bbox 249 4239 690 4322; baseline 0.014 -17"><span class='ocrx_word' id='word_1_166' title='bbox 249 4239 359 4315; x_wconf 64' lang='lat' dir='ltr'>Perspt&#39;ci</span> <span class='ocrx_word' id='word_1_167' title='bbox 376 4244 495 4322; x_wconf 82' lang='lat' dir='ltr'>poffiru,</span> <span class='ocrx_word' id='word_1_168' title='bbox 521 4248 568 4306; x_wconf 82' lang='lat' dir='ltr'>hoc</span> <span class='ocrx_word' id='word_1_169' title='bbox 594 4253 690 4310; x_wconf 82' lang='lat' dir='ltr'>modo:</span> 
     </span>
    </p>
   </div>
   <div class='ocr_carea' id='block_1_7' title="bbox 252 4338 693 4438">
    <p class='ocr_par' dir='ltr' id='par_1_21' title="bbox 252 4338 693 4438">
     <span class='ocr_line' id='line_1_29' title="bbox 252 4338 693 4438; baseline 0.009 -25"><span class='ocrx_word' id='word_1_170' title='bbox 252 4338 346 4413; x_wconf 61' lang='lat' dir='ltr'>tthit</span> <span class='ocrx_word' id='word_1_171' title='bbox 365 4351 402 4410; x_wconf 75' lang='lat' dir='ltr'>ad</span> <span class='ocrx_word' id='word_1_172' title='bbox 420 4375 467 4415; x_wconf 80' lang='lat' dir='ltr'>nte</span> <span class='ocrx_word' id='word_1_173' title='bbox 491 4353 575 4438; x_wconf 81' lang='lat' dir='ltr'>saepe</span> <span class='ocrx_word' id='word_1_174' title='bbox 592 4357 693 4421; x_wconf 77' lang='lat' dir='ltr'>clami-</span> 
     </span>
    </p>
   </div>
   <div class='ocr_carea' id='block_1_8' title="bbox 775 3506 1218 3907">
    <p class='ocr_par' dir='ltr' id='par_1_22' title="bbox 776 3506 1015 3566">
     <span class='ocr_line' id='line_1_30' title="bbox 776 3506 1015 3566; baseline -0.021 0"><span class='ocrx_word' id='word_1_175' title='bbox 776 3521 838 3566; x_wconf 80' lang='lat' dir='ltr'>tans</span> <span class='ocrx_word' id='word_1_176' title='bbox 855 3506 908 3563; x_wconf 69' lang='lat' dir='ltr'>&amp;o</span> <span class='ocrx_word' id='word_1_177' title='bbox 1013 3529 1015 3533; x_wconf 53' lang='grc'>’</span> 
     </span>
    </p>

    <p class='ocr_par' dir='ltr' id='par_1_23' title="bbox 775 3602 1213 3803">
     <span class='ocr_line' id='line_1_31' title="bbox 813 3602 1213 3692; baseline 0.005 -24"><span class='ocrx_word' id='word_1_178' title='bbox 813 3631 830 3668; x_wconf 83' lang='lat'>2</span> <span class='ocrx_word' id='word_1_179' title='bbox 864 3606 983 3692; x_wconf 73' lang='lat' dir='ltr'>Vestitu,</span> <span class='ocrx_word' id='word_1_180' title='bbox 1006 3627 1062 3690; x_wconf 88' lang='lat' dir='ltr'>pto</span> <span class='ocrx_word' id='word_1_181' title='bbox 1090 3602 1213 3692; x_wconf 75' lang='lat' dir='ltr'>vcflitui,</span> 
     </span>
     <span class='ocr_line' id='line_1_32' title="bbox 775 3718 903 3803; baseline -0.016 -23"><span class='ocrx_word' id='word_1_182' title='bbox 775 3718 903 3803; x_wconf 82' lang='lat' dir='ltr'>antique.</span> 
     </span>
    </p>

    <p class='ocr_par' dir='ltr' id='par_1_24' title="bbox 817 3821 1218 3907">
     <span class='ocr_line' id='line_1_33' title="bbox 817 3821 1218 3907; baseline 0.007 -24"><span class='ocrx_word' id='word_1_183' title='bbox 817 3845 830 3904; x_wconf 87' lang='lat'>3</span> <span class='ocrx_word' id='word_1_184' title='bbox 855 3823 884 3884; x_wconf 85' lang='lat' dir='ltr'>h.</span> <span class='ocrx_word' id='word_1_185' title='bbox 903 3821 924 3885; x_wconf 89' lang='lat' dir='ltr'>l.</span> <span class='ocrx_word' id='word_1_186' title='bbox 943 3821 1009 3906; x_wconf 82' lang='lat' dir='ltr'>plus</span> <span class='ocrx_word' id='word_1_187' title='bbox 1030 3823 1170 3907; x_wconf 85' lang='lat' dir='ltr'>ponderis</span> <span class='ocrx_word' id='word_1_188' title='bbox 1189 3833 1218 3886; x_wconf 74' lang='grc' dir='ltr'>δι</span> 
     </span>
    </p>
   </div>
   <div class='ocr_carea' id='block_1_9' title="bbox 772 3936 1218 4124">
    <p class='ocr_par' dir='ltr' id='par_1_25' title="bbox 772 3936 1218 4124">
     <span class='ocr_line' id='line_1_34' title="bbox 772 3936 1098 4000; baseline -0.003 -1"><span class='ocrx_word' id='word_1_189' title='bbox 772 3939 967 4000; x_wconf 80' lang='lat' dir='ltr'>venerationis</span> <span class='ocrx_word' id='word_1_190' title='bbox 982 3936 1098 3999; x_wconf 84' lang='lat' dir='ltr'>habens.</span> 
     </span>
     <span class='ocr_line' id='line_1_35' title="bbox 801 4041 1218 4124; baseline -0.002 -23"><span class='ocrx_word' id='word_1_191' title='bbox 801 4064 819 4116; x_wconf 79' lang='lat'>4</span> <span class='ocrx_word' id='word_1_192' title='bbox 828 4041 1008 4101; x_wconf 79' lang='lat' dir='ltr'>Sententiam</span> <span class='ocrx_word' id='word_1_193' title='bbox 1015 4042 1135 4102; x_wconf 85' lang='lat' dir='ltr'>eandem</span> <span class='ocrx_word' id='word_1_194' title='bbox 1145 4061 1218 4124; x_wconf 87' lang='lat' dir='ltr'>pro·</span> 
     </span>
    </p>
   </div>
   <div class='ocr_carea' id='block_1_10' title="bbox 774 4142 1222 4443">
    <p class='ocr_par' dir='ltr' id='par_1_26' title="bbox 774 4142 1222 4443">
     <span class='ocr_line' id='line_1_36' title="bbox 774 4142 1218 4220; baseline 0.005 -16"><span class='ocrx_word' id='word_1_195' title='bbox 774 4142 869 4204; x_wconf 82' lang='lat' dir='ltr'>ferunt</span> <span class='ocrx_word' id='word_1_196' title='bbox 895 4142 959 4204; x_wconf 86' lang='lat' dir='ltr'>Cic.</span> <span class='ocrx_word' id='word_1_197' title='bbox 980 4143 1014 4203; x_wconf 90' lang='lat' dir='ltr'>de</span> <span class='ocrx_word' id='word_1_198' title='bbox 1042 4143 1091 4206; x_wconf 82' lang='lat' dir='ltr'>off,</span> <span class='ocrx_word' id='word_1_199' title='bbox 1112 4146 1164 4220; x_wconf 88' lang='lat'>11,</span> <span class='ocrx_word' id='word_1_200' title='bbox 1187 4165 1218 4217; x_wconf 87' lang='lat'>7.</span> 
     </span>
     <span class='ocr_line' id='line_1_37' title="bbox 774 4247 1222 4334; baseline 0.004 -24"><span class='ocrx_word' id='word_1_201' title='bbox 774 4247 844 4310; x_wconf 69' lang='lat' dir='ltr'>salt</span> <span class='ocrx_word' id='word_1_202' title='bbox 858 4248 922 4310; x_wconf 87' lang='lat' dir='ltr'>Cat.</span> <span class='ocrx_word' id='word_1_203' title='bbox 935 4271 954 4320; x_wconf 84' lang='lat'><em>9</em></span> <span class='ocrx_word' id='word_1_204' title='bbox 973 4257 1001 4310; x_wconf 74' lang='grc' dir='ltr'>δι</span> <span class='ocrx_word' id='word_1_205' title='bbox 1020 4251 1083 4334; x_wconf 75' lang='lat' dir='ltr'>lug.</span> <span class='ocrx_word' id='word_1_206' title='bbox 1099 4273 1112 4332; x_wconf 90' lang='lat'>3</span> <span class='ocrx_word' id='word_1_207' title='bbox 1134 4263 1163 4316; x_wconf 71' lang='grc' dir='ltr'>ὃ(</span> <span class='ocrx_word' id='word_1_208' title='bbox 1175 4272 1222 4326; x_wconf 65' lang='grc' dir='ltr'>ιο,</span> 
     </span>
     <span class='ocr_line' id='line_1_38' title="bbox 775 4357 1106 4443; baseline 0.012 -21"><span class='ocrx_word' id='word_1_209' title='bbox 775 4357 883 4443; x_wconf 82' lang='lat' dir='ltr'>Nepos</span> <span class='ocrx_word' id='word_1_210' title='bbox 901 4358 995 4423; x_wconf 85' lang='lat' dir='ltr'>Dion.</span> <span class='ocrx_word' id='word_1_211' title='bbox 1016 4381 1030 4439; x_wconf 88' lang='lat'>5</span> <span class='ocrx_word' id='word_1_212' title='bbox 1050 4371 1106 4426; x_wconf 67' lang='lat' dir='ltr'>&amp;c-</span> 
     </span>
    </p>
   </div>
   <div class='ocr_carea' id='block_1_11' title="bbox 0 0 1420 5234">
    <p class='ocr_par' dir='ltr' id='par_1_27' title="bbox 0 0 1420 5234">
     <span class='ocr_line' id='line_1_39' title="bbox 0 0 1420 5234; baseline 0 0"><span class='ocrx_word' id='word_1_213' title='bbox 0 0 1420 5234; x_wconf 95' lang='lat' dir='ltr'> </span> 
     </span>
    </p>
   </div>
  </div>
 </body>
</html>
