2809 5234
1015 913 1716 996 'ADELPI-ll.
2117 859 2361 1006 ι4ἰ1

389 1079 589 1172 Quin
637 1079 906 1178 semper
939 1091 961 1126 ¹
1005 1080 1266 1154 veniat.
1312 1084 1377 1150 s.
1403 1073 1621 1150 -folus
1673 1096 1985 1146 mearum
2006 1071 2324 1149 miseria·

782 1226 939 1274 rum
994 1201 1089 1274 est
1125 1197 1531 1272 remedium.

385 1330 482 1397 C.
534 1328 591 1396 E
654 1349 730 1397 re
778 1341 1004 1397 nata²
1044 1322 1292 1395 melius
1336 1317 1486 1393 fieri
1539 1315 1725 1391 haud
1779 1314 2063 1413 potuit,
2116 1339 2325 1414 quam

783 1442 1037 1516 fastum
1105 1441 1249 1534 est,'
1306 1442 1514 1514 hera.

323 1562 328 1581 ¹
395 1564 732 1638 Ob'atum
773 1567 1057 1664 quando
1096 1564 1346 1645 vitium
1368 1562 1476 1637 est
1507 1618 1537 1654 ,
1568 1561 1764 1662 quod
1813 1561 1902 1635 ad
1940 1559 2136 1634 illum
2164 1558 2328 1634 atti-
2396 1560 2401 1565 ’

784 1707 905 1760 net
944 1686 1405 1785 potissimum,

395 1809 684 1904 Talem,
743 1811 865 1885 tali
926 1809 1207 1908 ingenio
1228 1861 1255 1901 ‚
1321 1826 1533 1907 atque
1585 1806 1819 1881 animo
1840 1859 1867 1899 ,
1932 1822 2174 1880 natum
2235 1830 2326 1878 ex

731 1986 735 1991 -
778 1952 968 2008 tanta
1006 1930 1289 2005 familia.
2236 1949 2325 2000 ιο

393 2057 474 2128 S.
516 2058 616 2129 Ita
663 2056 790 2155 pol
829 2055 970 2146 est,
1001 2072 1080 2128 ut
1112 2051 1305 2129 dicis.
1346 2050 1575 2129 salvus
1614 2052 1817 2127 nobis
1843 2105 1870 2145 ,
1907 2052 2079 2127 deos
2112 2072 2326 2150 quae-

764 2180 844 2256 so
871 2235 898 2275 ,
936 2200 1019 2255 ut
1054 2179 1201 2300 ξεί.

648 2391 1056 2470 ‘ACTtss
1134 2397 1330 2469 ιιι.
1415 2395 1864 2483 SCENA
1966 2394 2175 2464 ιω.

622 2607 878 2680 GETA
900 2660 927 2700 ‚
974 2605 1463 2690 son-RATA
1485 2661 1512 2701 ,
1562 2550 2111 2681 CANTIJARA.

401 2735 840 2913 G-NUnc
884 2829 1059 2907 illud
1104 2830 1202 2907 est
1230 2849 1319 2923 ⁴,
1371 2829 1570 2933 quod
1595 2885 1619 2921 ,
1670 2829 1721 2902 fi
1773 2828 2009 2903 omnia
2075 2852 2320 2902 omnes

782 2949 898 3025 sua
936 2951 1232 3055 coniilia⁸
1264 2951 1676 3042 conferant,

391 3072 626 3171 Atque
661 3074 826 3147 huic
882 3075 1068 3148 malo
1120 3073 1414 3149 salutem
1459 3091 1851 3174 quaerant,
1894 3069 2107 3146 auxili
2147 3069 2321 3143 nihil

392 3318 614 3410 Quod
664 3198 1487 3424 miliizzrj?tlieraeque
1441 3379 1469 3415 ,
1516 3322 1838 3424 filiaeque
1894 3318 2098 3395 herili
2134 3315 2232 3393 est
2269 3331 2322 3393 τ.

778 3467 910 3516 vae
955 3443 1205 3523 misero
1261 3445 1476 3521 mihi!

472 3701 499 3741 ι
538 3680 722 3760 Quod
744 3679 921 3764 vulgo
957 3685 1273 3747 redundan-
1421 3690 1708 3772 secundum
1744 3705 1904 3748 artem
1931 3689 2180 3751 comicum
2206 3687 2318 3770 fir·

372 3793 477 3848 'ter
517 3794 760 3850 additur·
1432 3824 1562 3861 vum
1621 3818 1898 3861 currentem
1959 3803 2203 3882 exprimit
2261 3799 2318 3860 6·

475 3911 506 3947 2
552 3888 860 3972 Postquam
900 3912 985 3951 res
1030 3895 1110 3955 ita
1145 3897 1274 3959 casu
1394 3930 1398 3935 ·
1435 3903 1928 3964 nuntiantemmala.
1952 3907 2207 3964 Maxima
2219 3905 2320 3962 ita-

388 3996 432 4058 fi
466 3994 610 4056 forte
644 3993 796 4058 fadia
819 3998 915 4079 est?
939 4000 1075 4062 scil.
1107 4005 1273 4088 virgo
1436 4031 1537 4090 que
1568 4031 1700 4090 pars
1719 4010 1908 4090 stenae
1943 4013 2157 4071 motoria
2196 4011 2282 4089 est.

389 4099 659 4186 oppressa
704 4116 825 4167 “erat
882 4112 1062 4168 nostu
1103 4117 1159 4170 ει
1197 4109 1269 4171 ab
1517 4135 1554 4184 4
1578 4110 1636 4170 h.
1654 4132 1705 4171 e.
1731 4132 1802 4171 eo
1818 4134 1968 4173 nunc
1984 4114 2318 4172 devenimus

386 4210 552 4270 ebrio
600 4207 912 4272 Aeschino.
962 4213 1049 4274 Ita
1088 4215 1273 4300 magis
1439 4212 1481 4276 s.
1510 4213 1722 4315 delapfi
1747 4214 1975 4288 sumus,
2014 4236 2077 4276 ut
2107 4214 2146 4274 fi
2173 4222 2280 4275 διε.

387 4331 522 4371 nata
550 4331 667 4372 erat
706 4332 796 4372 res
823 4357 841 4385 ‚
867 4335 1036 4399 quam
1072 4315 1238 4380 fasta.
1527 4339 1556 4394 5
1582 4316 1795 4379 Oratio
1826 4317 1967 4378 haec
1989 4325 2045 4377 &
2076 4317 2316 4403 sequens

446 4417 603 4493 311st
616 4418 763 4480 locus
780 4416 1061 4499 (observat
1074 4421 1263 4503 Don.)
1429 4421 1576 4486 mite
1612 4420 1884 4503 exprimit
1915 4419 2072 4488 servi
2068 4443 2319 4487 curren·
