2809 5234
1092 937 1711 1036 ANDR1A2
2292 954 2447 1042 φιτ·

446 1121 474 1158 ¹
507 1105 690 1181 Num
728 1104 876 1184 eius
912 1105 1108 1184 color
1130 1104 1411 1206 pudoris
1438 1102 1690 1204 {ignum
1724 1101 2000 1204 usquam
2044 1104 2345 1181 indicat?

436 1233 705 1308 Adeon’
747 1233 1107 1333 impotenti
1151 1231 1281 1307 effe
1338 1232 1621 1321 animo,
1679 1252 1754 1304 ut
1803 1253 2060 1330 praeter
2133 1232 2394 1310 civium

441 1361 711 1432 Morem
777 1378 975 1457 atque
1038 1359 1255 1455 legem
1283 1407 1305 1442 ‚
1369 1377 1438 1432 et
1488 1357 1584 1430 sui
1657 1357 2073 1432 voluntatem
2139 1359 2337 1452 patris
2363 1407 2393 1446 ,

436 1471 699 1544 Tamen
726 1473 893 1545 hanc
923 1468 1169 1542 habere
1200 1467 1449 1543 studeat
1483 1482 1635 1542 cum
1670 1467 1933 1540 summo
1957 1470 2260 1564 probro?
2303 1492 2393 1545 ιο

437 1597 525 1668 P.
575 1599 691 1669 Me
742 1596 1049 1669 miserum
1094 1591 1113 1665 Ξ
1155 1599 1234 1668 S.
1304 1594 1606 1668 modone
1662 1593 1736 1668 id
1811 1594 2084 1668 demum
2142 1592 2389 1689 senstij

781 1703 1126 1802 Pamphile
1155 1710 1184 1776 ἓ
2271 1699 2282 1708 ’

433 1828 624 1904 Olim
665 1827 911 1919 isthuc,
950 1828 1155 1914 olim,
1183 1852 1341 1901 cum
1369 1826 1463 1900 ita
1517 1826 1810 1901 animum
1843 1826 2105 1899 induxti
2145 1847 2332 1901 tuum
2357 1878 2387 1921 ,

437 1940 653 2034 Quod
679 1964 956 2036 cuperes
985 1993 1008 2029 ‚
1049 1940 1276 2037 aliquo
1311 1939 1504 2034 paeto
1539 1951 1568 1984 ²
1621 1936 2048 2010 efficiundum
2097 1934 2217 2008 tibi
2244 1990 2272 2029 ,
2324 1967 2327 1971 ·

383 2134 403 2151 ,
433 2065 694 2137 Eodem
726 2063 833 2138 die
874 2062 1091 2138 isthuc
1120 2062 1410 2137 verbum
1442 2087 1602 2135 vere
1630 2062 1696 2132 in
1723 2082 1785 2135 te
1812 2035 2074 2135 aeciam.

434 2189 563 2262 Sed
618 2189 785 2290 quid
821 2203 847 2254 3
894 2186 1080 2284 ago?
1145 2212 1267 2262 cur
1315 2213 1426 2261 me
1479 2185 1795 2262 excrucio
1824 2183 1871 2259 2·
1904 2210 2025 2261 cut
2070 2211 2185 2261 me
2234 2204 2385 2263 mai

775 2339 933 2390 cero
959 2318 991 2386 ἓ
2297 2340 2323 2386 ι
2343 2338 2381 2415 ς

434 2437 583 2510 Cur
627 2463 843 2512 meam
884 2440 1283 2514 seneenuem
1330 2437 1532 2513 huius
1584 2437 1870 2514 sollicito
1897 2437 2247 2512 amentia?
2299 2464 2384 2514 an

432 2563 572 2634 Pro
636 2562 834 2638 huius
880 2589 1013 2663 ego
1088 2584 1163 2640 ut
1209 2565 1495 2664 peccatis
1543 2565 1943 2664 supplicium
2010 2562 2311 2638 suffetam
2349 2564 2403 2640 2.

433 2687 660 2759 Immo
715 2687 948 2762 habeat
981 2706 1051 2778 4,
1104 2693 1317 2768 vaieat
1341 2740 1369 2780 ‚
1425 2693 1617 2769 vivat
1667 2719 1823 2769 cum
1888 2693 1997 2766 illa
2034 2706 2082 2766 5.
2127 2694 2210 2764 P.
2283 2689 2383 2766 mi

777 2835 965 2909 pater
997 2813 1052 2888 ⁶.

432 2942 503 3009 S.
529 2938 720 3031 Quid
748 2993 769 3029 ,
822 2938 914 3010 mi
972 2938 1215 3036 pater?
1261 2920 1437 3038 quast
1464 2958 1538 3012 tu
1592 2940 1789 3016 huius
1822 2941 2114 3038 indigeas
2155 2939 2384 3037 patris-

433 3046 750 3137 Domus‚
799 3073 973 3122 uxor
1004 3103 1025 3137 ,
1070 3049 1261 3121 liberi
1315 3051 1619 3140 inventi,
1654 3053 1871 3123 invito
1915 3071 2095 3144 patre
2131 3072 2151 3123 ε
2286 3075 2382 3124 20

433 3159 788 3248 Adduffl,·
823 3161 939 3257 qui
1008 3161 1184 3233 illam
1239 3161 1464 3237 civem
1511 3146 1666 3233 hinc
1712 3163 1933 3232 dicant
1978 3187 1996 3230 ε
2049 3160 2289 3232 viceris
2321 3175 2381 3232 7.

434 3272 519 3343 P.
557 3273 792 3360 Pate-r,
835 3270 1075 3345 licetne
1105 3296 1316 3370 pauca
1350 3272 1379 3320 3
1412 3271 1440 3345 ὶ
1498 3280 1568 3345 S.
1595 3269 1760 3369 quid
1790 3269 1968 3359 dices
2018 3268 2182 3339 mihi
2210 3268 2241 3339 Ξ

430 3499 613 3561 cu‘nda
644 3499 716 3562 ad
750 3502 965 3564 tertiam
999 3502 1290 3584 personam
1304 3549 1324 3580 ,
1486 3503 1586 3563 nus
1604 3499 1876 3584 permisus
1890 3547 1912 3573 ,
1935 3519 1992 3560 ut
2016 3498 2158 3580 iram
2179 3497 2255 3560 ad
2274 3499 2385 3560 mi-

423 3611 491 3656 .ut
521 3594 695 3662 solent
726 3595 1029 3660 irascentes,
1481 3596 1833 3659 sericordiam
1871 3611 2184 3658 convertat,
2231 3668 2235 3673 .
2357 3609 2370 3621 ·

517 3709 540 3748 ι
582 3689 951 3761 Faern.vid·e,
980 3713 1101 3749 num
1121 3692 1234 3752 &c.
1259 3691 1322 3752 &
1563 3713 1601 3769 7
1658 3690 1779 3751 Fut.
1825 3689 1996 3751 exa&
2037 3691 2099 3750 &
2158 3689 2383 3750 videtur

428 3777 504 3839 fic
532 3779 608 3840 est
635 3783 691 3838 in
715 3780 848 3841 MS.
872 3781 1030 3840 Bodl.
1062 3785 1320 3844 videtur-
1483 3782 1590 3844 effe
1625 3804 1638 3840 :
1679 3801 1774 3843 tua
1829 3783 1986 3845 causa
2028 3781 2223 3842 vich-ix
2257 3781 2375 3844 esto

427 3865 536 3951 que
558 3892 685 3929 cum
709 3868 861 3952 gestu
881 3877 1316 3951 pronuntiatum.
1486 3874 1609 3953 (ob
1642 3875 1911 3935 adduffitos
1945 3872 2148 3954 testes)
2186 3895 2378 3936 meam

514 3985 549 4023 2
578 3963 696 4022 h.e.
720 3966 1163 4044 quoquomodo.
1479 3969 1631 4029 vinci
1685 3971 1907 4029 tandem
1951 3971 2130 4051 patior
2158 4014 2179 4039 ,
2220 3968 2376 4050 quod

518 4077 549 4140 3
576 4057 670 4120 Al.
705 4080 818 4140 ego,
1483 4080 1640 4122 tuum
1679 4062 1739 4125 stt
1786 4064 2157 4123 infortunium.
2207 4062 2379 4123 Con-

511 4148 1003 4227 4Subaudiillam.
1479 4155 1651 4216 cludit
1681 4154 1753 4215 fic
1786 4155 2219 4215 abdcationem.

518 4267 543 4330 5
584 4247 849 4329 Loquitur
891 4244 968 4306 fic
1008 4242 1323 4322 iratiffime,
1564 4248 1598 4308 8
1645 4248 1917 4309 Titubans
1966 4251 2030 4308 &
2069 4248 2380 4310 balbutiens

425 4342 575 4427 quast
599 4345 860 4405 abdicans
884 4341 1075 4406 filium.
1475 4342 1655 4404 oratio
1688 4341 1902 4425 pudore
1935 4341 2000 4401 δι.
2028 4341 2375 4410 conscientia.

509 4438 548 4500 6
587 4438 847 4522 Appellat
891 4454 1106 4522 patrem
1136 4434 1210 4499 fic
1243 4433 1319 4497 fi·-
1728 4517 1788 4590 E

1835 4539 1884 4610 4

1848 4757 1867 4789 f
