2809 5234
929 859 995 935 'A
1043 862 1118 936 D
1168 866 1226 937 E
1275 866 1332 935 L
1378 863 1432 935 P
1480 863 1547 935 H
1595 863 1652 934 1.·
1810 901 1817 907 ·
2181 881 2271 962 95

346 1024 487 1100 Ubi
508 1024 639 1102 vis·
663 1024 973 1125 quisnam
1005 1051 1046 1098 a
1072 1049 1185 1098 me
1219 1022 1490 1120 pepulit
1533 1040 1677 1096 tam
1713 1017 2019 1118 graviter
2055 1020 2284 1098 fores?

345 1177 451 1248 D.
496 1172 630 1245 Hei
670 1169 880 1259 mihi,
924 1166 1095 1266 quid
1131 1164 1416 1240 faciam?
1467 1163 1638 1264 quid
1666 1184 1862 1262 agam
1888 1163 1919 1237 2
1949 1162 2121 1262 quid
2144 1164 2284 1240 cla-

724 1311 962 1381 mem?
1011 1323 1134 1389 aut
1164 1331 1417 1405 querar
1443 1305 1474 1378 2

346 1607 518 1668 cieria
543 1653 559 1680 ‚
590 1604 726 1665 hinc
766 1604 999 1665 demum
1031 1604 1233 1664 ordia-

346 1735 475 1773 mur
530 1699 747 1775 Astum
793 1711 892 1786 V,
949 1733 1067 1797 quo
1113 1713 1233 1774 iam

347 1838 553 1877 omnes
578 1819 738 1879 turba
756 1818 1066 1880 evolvendi
1086 1817 1233 1879 sunt.

344 1924 655 2008 Pcaecipua
673 1927 797 1986 eius
823 1923 982 1987 causa
1002 1944 1123 1986 erat
1153 1925 1239 1984 ri-

344 2049 454 2120 gor
489 2039 543 2090 &
593 2027 817 2089 inscitia
856 2029 1112 2089 Demeae
1137 2072 1156 2100 ,
1196 2047 1231 2087 a

343 2157 464 2221 quo
493 2137 606 2195 iam
640 2135 857 2193 retecto
889 2130 1228 2212 Clitiphoni

343 2241 466 2303 filio
487 2287 510 2315 ,
523 2239 755 2326 eiusque
772 2241 958 2301 amori
977 2259 1233 2306 metuen-

344 2343 415 2404 da
447 2345 654 2403 cunsta
696 2342 1048 2402 videbantur.
1118 2341 1233 2401 Sed

343 2471 414 2509 ex
460 2448 574 2507 hoc
623 2445 753 2526 ipso
802 2446 956 2505 malo
1002 2445 1227 2503 invenit

340 2575 519 2635 poeta
550 2555 764 2612 exitum
799 2551 1187 2611 honestiorem
1209 2598 1226 2626 ,

259 2660 262 2663 ’
343 2657 777 2720 conversionem
796 2655 940 2715 senis
972 2656 1228 2716 Demeae

341 2783 375 2822 a
407 2763 604 2845 rigore
651 2757 986 2840 disciplinae
1022 2757 1094 2818 ad
1136 2780 1234 2818 ae-

341 2864 619 2946 quitatem
642 2861 915 2947 aliquam.
963 2860 1143 2940 Quod
1158 2860 1229 2921 ad

338 2967 617 3030 Aeschini
678 2992 801 3030 rem
864 2971 1104 3042 attinet,
1164 2962 1245 3028 ea‘

338 3072 455 3137 iam
496 3078 627 3138 satis
670 3074 820 3136 salva
860 3095 977 3135 erat
1011 3074 1230 3133 Micio-

338 3183 432 3240 nis
505 3183 686 3263 patris
754 3181 1108 3241 humanitate
1177 3189 1232 3241 δι

337 3289 650 3369 profligato
686 3287 928 3346 Demea.
955 3284 1075 3345 Hic
1094 3287 1233 3370 qui-

339 3395 470 3455 dem
493 3394 583 3455 vel
606 3396 845 3455 maxime
862 3392 1046 3455 adhuc
1065 3393 1227 3454 suum

261 3528 268 3535 ·
312 3500 749 3584 ¹Ctesiphonem
796 3503 1080 3563 obiecerat
1118 3524 1223 3563 ex-

334 3605 593 3688 emplum
634 3605 971 3688 disciplinae
1017 3605 1228 3666 melio-

337 3717 416 3772 ris
446 3713 557 3792 (cf.
584 3718 726 3774 Ast.
774 3716 844 3787 Ι,
874 3738 906 3773 2
933 3760 952 3788 ,
992 3734 1052 3786 15
1103 3713 1225 3798 sq.)

337 3813 508 3898 seque
572 3815 646 3872 ob
696 3819 756 3873 id
810 3815 1223 3897 praeposuerat

339 3918 497 3981 fratri
521 3918 632 3995 (cf.
652 3920 986 4002 Ast.111,⁴4
1005 3966 1022 3994 ,
1047 3932 1121 3996 46
1140 3921 1226 4007 sq.

335 4028 545 4104 &1V,
590 4053 656 4104 ι,
690 4027 941 4113 17sq.&
982 4029 1223 4110 2,25).

336 4148 393 4207 Is
433 4147 576 4207 adeo
605 4142 766 4206 suum
803 4141 885 4203 sui
927 4142 1087 4204 causa
1126 4143 1223 4202 di..

332 4249 751 4334 lexerat,quod
780 4245 902 4330 ipse
932 4246 1059 4309 satis
1074 4268 1218 4329 pro-

338 4357 433 4419 det
472 4358 566 4420 Sc.
616 4379 647 4418 2
669 4378 691 4439 3
716 4355 814 4419 sed
848 4356 1036 4420 Micio
1063 4354 1231 4420 suum

1399 1603 1464 1691 in
1523 1603 1782 1664 animum
1843 1604 1923 1664 ita
1971 1605 2284 1671 instituerat

1396 1705 1751 1774 Aeschinum
1771 1760 1788 1789 ,
1817 1733 1877 1774 ut
1904 1711 2056 1775 solus
2073 1715 2178 1797 ipfi
2205 1715 2291 1776 es·

1403 1817 1485 1879 set
1528 1842 1686 1882 carus
1711 1843 1731 1896 3
1779 1821 1874 1882 aba
1900 1843 2090 1908 eoque
2144 1825 2289 1886 item

1400 1924 1718 1986 haberetur.
1738 1925 1795 1984 A
1809 1924 2070 1986 Micione
2093 1925 2292 1988 huma-

1396 2027 1546 2086 nitas
1605 2030 1669 2087 in
1715 2029 1989 2110 gaudium
2036 2029 2288 2092 familiae

1393 2131 1775 2206 redundabat3
1833 2154 1868 2193 a
1923 2122 2145 2196 Demea
2170 2134 2289 2198 cla-
2410 2190 2417 2198 .

1396 2259 1590 2298 mores
1608 2249 1662 2299 dt
1687 2241 1803 2300 irae
1824 2249 1877 2300 &
1893 2239 2086 2301 turbae
2101 2242 2288 2305 adhuc

1395 2338 1637 2403 fuerant.
1682 2342 1796 2403 Sed
1820 2364 1879 2402 re
1905 2347 2070 2402 omni
2097 2347 2289 2405 mani-

1394 2443 1566 2517 festa,
1614 2445 1839 2506 Demea
1875 2443 1930 2504 se
1964 2445 2165 2507 falsum
2198 2448 2290 2509 vi-

1397 2553 1537 2612 dens
1564 2550 1651 2610 nil
1676 2550 1928 2633 amplius
1950 2552 2151 2628 habet,
2167 2575 2286 2645 quo

1394 2656 1450 2716 se
1484 2675 1751 2738 opponat
1777 2655 1976 2729 fratri,
2000 2659 2131 2738 post
2162 2659 2286 2738 pri·

1397 2781 1559 2819 mum
1613 2761 1898 2841 impetum
1943 2759 2028 2819 sui
2071 2764 2288 2842 poeni-

1394 2880 1520 2921 tens
1541 2908 1561 2934 ,
1593 2871 1646 2923 &
1684 2865 1880 2923 mitior
1912 2863 2067 2925 audit
2090 2865 2284 2928 fratris

1394 2968 1684 3041 rationes,
1723 2976 1777 3027 &
1808 2965 1929 3049 ipsa
1965 2965 2049 3027 sui
2072 2970 2279 3050 impo-

1398 3075 1578 3134 tentia
1592 3075 1672 3134 ita
1691 3075 2038 3134 convertitur
2052 3075 2125 3135 ad
2139 3096 2287 3136 con-

1398 3181 1608 3240 trarios
1632 3178 1821 3239 sensus
1847 3225 1866 3253 ,
1885 3199 1944 3240 ut
1958 3181 2148 3261 prima
2162 3180 2287 3263 spe·

1398 3289 1487 3348 cie
1515 3288 1727 3347 nimius
1744 3285 2019 3359 videatur,
2039 3294 2094 3345 «St
2119 3284 2286 3348 simul

1390 3392 1585 3455 ulcisci
1631 3393 1824 3474 cupiat
1869 3390 2100 3451 fratrem
2127 3437 2146 3464 ,
2186 3389 2287 3458 sed

1392 3501 1778 3586 relegentibus
1804 3499 1962 3559 idem
2000 3500 2285 3561 videbitur

1395 3592 1685 3689 corrigere
1742 3604 1922 3667 multa
1961 3607 2024 3664 in
2062 3605 2287 3668 bonum

1394 3713 1646 3778 familiae
1675 3761 1693 3788 ‚
1724 3723 1780 3774 &
1810 3720 2027 3776 vertere
2056 3719 2121 3778 in
2161 3740 2288 3779 om-

1393 3821 1558 3878 nium
1605 3821 1900 3882 laetitiam.
1922 3858 1997 3870 --
2020 3825 2204 3887 Scena
2247 3847 2278 3888 ι

1392 3923 1580 3983 Micio
1620 3948 1655 3988 a
1695 3928 1947 3989 Sostrata
1975 3933 2283 4013 egrediens

1392 4030 1599 4094 incidit
1649 4036 1713 4095 in
1766 4035 2047 4096 Demeam
2069 4082 2088 4110 ,
2146 4038 2281 4116 post

1388 4143 1578 4203 turbas
1613 4145 1766 4206 datas
1801 4148 1865 4220 in
1897 4146 2127 4204 aedibus
2157 4144 2284 4205 Mi·-

1383 4248 1569 4310 eionis
1593 4291 1613 4325 ,
1639 4247 1696 4310 se
1720 4267 2113 4333 proruentem.
