2809 5234
2362 588 2369 597 ι

1036 865 1789 988 ΡΗοῂΜια
2236 923 2361 1002 ης

454 1090 532 1156 A.
578 1086 756 1156 Nam
815 1079 1010 1176 quod
1066 1101 1199 1173 ego
1255 1074 1419 1147 huic
1475 1096 1660 1144 nunc
1716 1066 1948 1142 subito
1998 1063 2212 1138 exitio
2253 1089 2376 1136 re·-

826 1228 1130 1298 medium
1184 1221 1535 1296 inveniam
1586 1216 1834 1290 miser?
1947 1238 1959 1249 ·

448 1381 675 1475 Quod
718 1379 765 1451 s1
802 1405 889 1450 eo
932 1401 1126 1449 meae
1163 1374 1485 1448 fortunae
1548 1369 1842 1442 redeunt
1885 1419 1910 1456 ,
1974 1362 2309 1435 Phanium
2344 1413 2371 1452 ‚

822 1524 941 1597 abs
975 1544 1045 1597 te
1082 1542 1162 1596 ut
1199 1518 1563 1594 distrahar:

446 1670 657 1746 Nulla
702 1669 794 1744 est
847 1670 1017 1743 mihi
1072 1670 1218 1743 vita
1280 1665 1672 1764 expetenda
1710 1683 1756 1735 ¹.
1817 1666 1904 1736 G.
1958 1685 2126 1760 ergo
2167 1659 2370 1733 istaec

819 1842 978 1890 cum
1021 1816 1120 1889 ita
1164 1815 1294 1886 fint
1327 1868 1352 1904 ,
1397 1813 1751 1911 Antipho,
2276 1831 2361 1904 25

447 1961 681 2038 Tanto
733 1966 947 2063 magis
1017 1983 1089 2037 te
1137 1963 1516 2060 advigilare
1554 1978 1581 2012 ²
1631 1984 1932 2060 aequom
1988 1956 2107 2031 est.
2161 1956 2371 2047 fimes

794 2111 1074 2204 fortuna
1111 2116 1384 2183 adiuvat
1422 2129 1470 2185 ³.

434 2259 528 2329 A.
577 2257 745 2329 Non
796 2253 944 2327 sum
996 2254 1183 2352 apud
1240 2278 1375 2325 me.
1433 2256 1523 2326 G.
1564 2250 1760 2350 atqui
1809 2277 1984 2348 opus
2030 2247 2126 2322 est
2183 2276 2367 2323 nunc

838 2429 997 2476 cum
1044 2427 1415 2494 maxume,
1455 2419 1536 2475 ut
1586 2401 1712 2492 fis,
1752 2401 2067 2498 Antipho
2112 2429 2129 2473 ε

437 2553 619 2623 Nam
684 2552 735 2623 fi
785 2550 1063 2624 senserit
1124 2571 1195 2625 te
1261 2549 1584 2625 timidum
1661 2569 1858 2648 pater
1923 2549 2056 2624 effe
2082 2607 2111 2642 ‚
2176 2549 2377 2625 arbi&

471 2681 476 2689 ⁶
851 2698 1146 2771 trabitur
1893 2664 1898 2671 ἱ

443 2845 951 2919 Commeruisse
995 2846 1292 2943 culpam.
1335 2849 1426 2919 P.
1469 2846 1607 2920 hoc
1638 2869 1888 2918 verum
1924 2840 2041 2914 est.
2083 2826 2174 2912 Α.
2216 2860 2363 2910 non

806 2995 1080 3092 poffum
1137 2995 1591 3067 immutarier.

434 3147 523 3216 G.
598 3143 796 3237 Quid
856 3143 1111 3218 faceres
1138 3199 1163 3233 ‚
1233 3142 1283 3215 fi
1341 3143 1604 3243 aliquid
1659 3143 1937 3243 gravius
1991 3138 2119 3212 tibi
2173 3161 2360 3210 nunc

805 3282 1196 3357 faciendum
1236 3283 1467 3358 foret?
2263 3304 2357 3374 30

519 3597 543 3638 1
610 3576 890 3662 Tragicus
952 3596 1173 3642 amator
1213 3582 1309 3642 de·
1471 3580 1634 3663 ceptis
1691 3581 1958 3658 confirmat
2003 3582 2108 3640 vim
2136 3575 2356 3659 sbttitu·

432 3675 639 3757 sperat.
1465 3682 1622 3739 dinis.
1660 3679 1818 3737 Idem
1877 3682 1946 3739 de
1993 3679 2127 3742 Fin.
2156 3682 2242 3740 ΙΙΙ
2269 3728 2286 3756 ,
2318 3711 2356 3756 4

391 3774 398 3780 ’
511 3799 542 3833 2
598 3776 735 3834 Scil.
789 3776 1173 3836 defendendae
1215 3800 1309 3857 ap.
1473 3782 1729 3862 ellipticc
1768 3786 2000 3843 Fortuna
2024 3784 2211 3864 fimes.
2244 3789 2359 3847 Sed

428 3902 651 3964 patrem
693 3884 934 3957 noxiae3
974 3882 1046 3942 cf.
1076 3883 1222 3944 infra
1255 3907 1307 3945 v.
1474 3887 1731 3971 fugiebat
1782 3892 1896 3950 iam
1949 3898 2093 3955 ratio
2131 3918 2352 3955 amato-

424 4018 505 4066 44
530 4001 583 4052 &
605 3997 701 4064 48.
1469 4016 1593 4054 rem
1631 4017 1823 4056 verum
1840 4044 1861 4069 ,
1887 4004 2245 4082 eundemque
2283 3999 2355 4057 fi·-

513 4123 539 4179 3
579 4102 689 4184 ‚Ut
738 4100 806 4181 est
851 4098 908 4157 in
960 4114 1127 4156 vetere
1175 4119 1302 4179 pro-
1465 4097 1611 4158 lium
1674 4106 2050 4164 verecundum
2090 4149 2106 4176 ,
2167 4125 2359 4186 eoque

421 4207 596 4268 verbio
635 4203 656 4282 (
700 4204 852 4264 addit
884 4201 1009 4263 Cic.
1029 4202 1199 4263 Tusc.
1224 4202 1303 4279 11,
1474 4223 1627 4263 nunc
1662 4205 1953 4284 pavidum.
2000 4207 2198 4288 Itaque
2235 4205 2356 4266 fru-

422 4311 525 4390 4.)
559 4311 664 4386 fid
696 4309 857 4369 multo
901 4310 1069 4392 magis
1113 4311 1248 4370 ratio
1273 4354 1297 4382 ,
1459 4310 1571 4369 stra
1620 4306 1951 4368 monebitur
1973 4354 1994 4383 ,
2039 4330 2351 4391 pracpara-

422 4435 559 4493 μαι
605 4414 905 4496 quibusdan
960 4413 1106 4495 quast
1139 4435 1299 4496 prae·-
1466 4413 1619 4473 bitur
1660 4407 1954 4472 (imulandi
1992 4410 2229 4476 nescius.
