2809 5234
285 835 375 893 XXX
443 828 449 850 ³

285 973 465 1054 Eunuchus
481 969 612 1071 quidem
635 967 687 1042 bis
711 969 765 1041 <lie
785 968 855 1042 ada
875 966 940 1060 eli,
959 968 1148 1071 meruitque
1167 986 1261 1071 pre&

285 1079 389 1163 rium,
410 1090 565 1169 quantum
591 1068 678 1140 nulla
702 1088 797 1165 antea
822 1067 1016 1167 cuiusquam
1041 1074 1258 1167 comoedia,

285 1173 322 1249 ld
335 1175 400 1262 ell,
413 1171 494 1243 olio
508 1166 608 1240 millia
624 1189 808 1240 nummum.
821 1185 998 1263 propterea
1014 1167 1142 1241 summa
1159 1196 1262 1269 quo-

285 1299 351 1369 que
375 1270 495 1345 titulo¹
516 1261 718 1336 adscribitur.
755 1265 842 1336 Nam
867 1267 1093 1362 Adelphorum
1117 1268 1258 1361 princi·

287 1372 378 1471 pium
394 1373 501 1442 Varro
514 1361 613 1433 etiam
628 1359 771 1454 praefert
784 1362 952 1460 principio
967 1363 1153 1436 Menandri.
1164 1366 1262 1443 Non

158 1512 161 1527 ·-
285 1469 426 1544 obscura
443 1463 530 1536 sama
551 1456 616 1543 est,
637 1457 787 1532 adiutum
808 1461 1006 1534 Terentium
1020 1463 1053 1532 in
1077 1460 1260 1558 scriptisa

286 1568 399 1640 Laelio
427 1579 459 1633 et
482 1556 663 1653 Scipione,
685 1556 881 1654 quibuscum
915 1557 1119 1631 familiariter
1151 1559 1259 1641 vixit.

283 1665 431 1738 Eandem
456 1655 524 1752 ipse
542 1655 648 1726 auxit:
670 1681 839 1752 nunquam
856 1655 964 1739 enim,
985 1655 1043 1727 nisr
1062 1656 1203 1753 leviter,
1218 1662 1259 1739 se

284 1759 387 1838 tutari
403 1773 559 1831 conatur:
582 1772 619 1825 ut
639 1752 674 1825 in
693 1754 840 1852 prologo
857 1753 1113 1851 Adelphorum:

280 1920 374 1991 'Nam
388 1919 475 2010 quod
486 1916 534 2016 isti
549 1914 658 1982 dicum
673 1915 835 2004 malevoli,
853 1915 994 1984 homines
1010 1915 1128 1984 nobiles

284 2020 371 2089 Eum
387 2016 545 2098 adiurare,
559 2011 728 2108 affidueque
745 2041 811 2083 una
817 2013 970 2105 scribere:

283 2115 385 2207 Quod
399 2115 449 2182 illi
470 2110 661 2182 maledic‘lum
681 2110 838 2181 vehemens
856 2112 1063 2211 existumant,
1188 2198 1190 2203 Ι

279 2213 370 2284 ¹Eam
385 2215 506 2282 laudem
521 2212 571 2279 lric
583 2210 671 2280 ducit
684 2211 881 2292 maximam,
895 2236 964 2279 cum
978 2211 1043 2277 illis
1052 2211 1179 2302 placet,

284 2312 357 2403 Qui
379 2311 465 2382 robis
482 2305 634 2404 univerfis
655 2304 818 2399 &populo
834 2313 982 2401 placent:

283 2410 428 2501 Quonam
449 2434 539 2500 opera
557 2409 591 2474 in
609 2407 685 2474 bello
695 2458 707 2490 ,
722 2407 757 2473 in
776 2407 860 2490 orio,
879 2411 914 2475 in
932 2405 1056 2500 negotio
1128 2473 1131 2479 ,

282 2509 349 2576 Suo
369 2510 498 2600 quisque
514 2527 642 2595 tempore
660 2500 729 2596 usu'
750 2503 868 2601 estfine
876 2507 1034 2598 superbia.

284 2664 428 2738 Videtur
454 2679 563 2736 autem
595 2662 627 2735 se
650 2663 756 2737 levius
784 2662 977 2748 defendisse,
1004 2663 1083 2762 quia
1108 2661 1254 2756 sciebat,

282 2764 397 2836 Laelio
420 2783 454 2835 et
476 2760 624 2857 Scipioni
647 2786 717 2833 non
737 2761 896 2860 ingratam
915 2763 979 2836 elle
1004 2765 1087 2834 banc
1108 2764 1252 2860 opinio·

283 2884 381 2932 nem:
399 2885 482 3028 qpae
497 2878 609 2931 tamen
623 2860 729 2958 magis
742 2882 776 2934 et
790 2861 945 2960 usquead
961 2861 1149 2958 posteriora
1161 2881 1252 2937 tem·

282 2981 368 3055 pora
384 2983 428 3032 va
440 2977 501 3030 u1t.

332 3084 378 3175 Q.
392 3080 575 3153 Memmius
593 3077 628 3150 in
650 3081 805 3169 oratione
826 3103 890 3175 pro
907 3077 939 3150 se
962 3079 1025 3151 ait:
1045 3083 1088 3153 P.
1106 3081 1252 3172 Africa&

282 3207 365 3264 nus,
383 3185 439 3275 qui
459 3209 480 3251 a
503 3181 642 3251 Terentio
656 3180 822 3270 personam
849 3200 1031 3265 mutuatus,
1054 3207 1132 3271 quac
1159 3185 1251 3254 domi

283 3280 396 3370 luserat
415 3283 499 3373 ipse,
521 3280 646 3348 nomine
672 3279 759 3348 illius
781 3281 816 3345 in
829 3274 959 3366 scenam
984 3281 1104 3347 detulit.
1129 3279 1250 3375 Nepos

283 3378 417 3446 auclore
434 3395 527 3447 certo
550 3373 746 3467 comperisse
763 3371 796 3445 se
821 3373 884 3459 ait,
903 3373 944 3442 C.
964 3374 1107 3444 laelium
1130 3401 1248 3472 quon·

285 3472 361 3541 dam
376 3472 408 3540 in
425 3471 606 3544 Puteolano
620 3472 696 3545 Kal.
708 3470 834 3543 Martiis
845 3469 1052 3540 admonitum
1067 3471 1109 3541 ab
1123 3497 1248 3560 uxore,

284 3569 468 3661 temporius
494 3591 531 3640 ut
549 3569 790 3656 discumberet,
804 3567 931 3664 petiisse
949 3567 991 3637 ab
1011 3592 1068 3649 ea,
1083 3592 1123 3638 ne
1144 3568 1248 3638 inter-

284 3665 479 3762 pellaretur:
505 3668 602 3738 serius
627 3669 759 3740 tandem
782 3664 959 3763 ingressum
986 3664 1167 3738 triclinium
1193 3664 1249 3734 di-

285 3761 388 3852 xisse,
405 3789 472 3834 non
488 3764 581 3859 saepe
596 3766 630 3837 in
652 3766 825 3840 scribendo
846 3767 950 3864 magis
965 3762 1143 3838 lucceffilse
1162 3761 1247 3836 fibi:

285 3859 406 3933 deinde
428 3880 602 3958 rogatum,
623 3886 660 3935 ut
681 3865 799 3961 scripta
821 3864 873 3936 illa
894 3863 1079 3962 proferret,
1094 3888 1249 3962 pronun·

284 3959 377 4032 tialle
396 3963 532 4048 versus,
546 3962 691 4057 quisunt
707 3964 741 4033 in
756 3964 1162 4037 Heautontimorumeno:

337 4126 364 4190 S
365 4124 430 4192 aris
437 4126 499 4215 pol
503 4144 641 4215 proterve
654 4149 701 4192 mc
717 4127 794 4216 Syri
799 4120 948 4221 promiffir
966 4127 1025 4194 lucc
1046 4122 1250 4191 induxerunt.

333 4326 347 4368 1
365 4311 472 4371 Titulus
489 4311 761 4375 didascaliamnotat.
783 4310 918 4393 Ergo,ut
928 4305 1012 4367 bodie
1026 4300 1085 4378 est,
1097 4302 1192 4366 mutila
1201 4303 1250 4369 est.
