2809 5234
870 892 1743 1027 EoNucHUS.
2089 915 2278 1042 ἠς

337 1112 1020 1212 Pk.1nsanis:qui
1075 1110 1241 1185 istuc
1310 1108 1535 1182 facere
1597 1107 1938 1183 eunuchus
2007 1108 2228 1207 potuit
2258 1107 2299 1181 Ρ

686 1242 822 1335 Py.
870 1260 1003 1335 ego
1052 1234 1241 1307 illum
1286 1232 1519 1306 nescio
2204 1251 2288 1330 15

340 1325 487 1457 Qui
515 1361 767 1436 fuerit.
797 1364 933 1434 hoc
959 1413 983 1451 ,
1008 1359 1200 1458 quod
1224 1357 1418 1449 fecit,
1448 1381 1554 1430 res
1582 1357 1719 1454 ipsa
1750 1355 2020 1430 indicat.

341 1488 567 1586 Virgo
605 1486 743 1586 ipsa
782 1487 1147 1574 lacrumat,
1185 1508 1456 1582 neque,
1489 1507 1645 1555 cum
1685 1481 1933 1582 rogites
1970 1478 2138 1579 quid
2182 1477 2300 1574 fitss

615 1614 627 1622 “
694 1609 891 1683 audet
942 1607 1189 1682 dicere.

350 1735 466 1810 Ille
509 1750 731 1809 autem
776 1732 998 1808 bonus
1040 1731 1151 1808 vir
1192 1729 1524 1828 nusquam
1569 1745 1862 1828 apparet.
1915 1725 2116 1803 etiam
2163 1726 2301 1801 hoc

603 1858 608 1868 ’
702 1859 1003 1958 suspicor
1019 1909 1044 1948 ,

353 1982 631 2086 Aliquid
655 1983 867 2058 domo
892 1983 1244 2055 abeuntem
1271 1975 1593 2052 abstuliffe
1633 1986 1680 2049 ¹.
1726 1977 1854 2048 Ph.
1879 1999 2147 2076 nequeo
2171 1976 2302 2053 mi·-

698 2105 834 2180 rari
867 2104 1019 2181 satis
1046 2157 1071 2195 ,

354 2234 524 2329 Quo
560 2230 675 2306 ine
721 2231 905 2306 abire
937 2229 1220 2329 ignavus
1252 2239 1304 2275 ²·
1327 2223 1534 2326 poffit
1578 2223 1867 2321 longius,
1915 2223 2034 2298 nifi
2083 2224 2133 2299 fi
2175 2228 2305 2303 do-·

695 2379 886 2429 mum
2209 2378 2306 2426 20

353 2483 558 2554 Forte
610 2479 696 2552 ad
745 2503 876 2552 nos
924 2477 1143 2551 rediit.
1202 2478 1339 2572 Py.
1396 2473 1539 2550 vise
1563 2527 1587 2566 ,
1636 2475 1877 2548 amabo
1901 2524 1942 2564 ,.
1982 2499 2150 2549 num
2204 2477 2308 2556 fit.

314 2610 326 2619 ’
710 2604 838 2676 Ph.
887 2602 1019 2673 iam
1036 2653 1060 2688 ,
1111 2598 1273 2674 faxo
1300 2654 1323 2692 ,
1372 2599 1557 2675 scies.
2234 2668 2235 2671 ,

364 2731 469 2800 D.
498 2723 711 2814 Perii,
738 2722 1047 2798 obsecro.
1097 2741 1230 2796 tam
1277 2722 1627 2797 infandum
1672 2723 1929 2801 facinu‘s
1949 2781 1973 2821 ,
2006 2750 2155 2803 mea
2178 2744 2307 2822 ως

706 2869 794 2920 ne
831 2846 1065 2923 audivi
1086 2847 1384 2948 quidem.
1493 2912 1495 2916 Α

364 2977 498 3073 Py.
544 2977 635 3047 At
678 2972 799 3071 pol
840 2996 974 3071 ego
1016 2990 1344 3047 amatores
1398 2972 1756 3046 mulierum
1800 2972 1932 3046 effe
1972 2974 2312 3052 audieram·

703 3122 824 3173 eos
849 3120 1225 3173 ,maxumos
1248 3151 1272 3186 ,
1916 3167 1921 3178 ,

366 3223 500 3297 Sed
544 3221 639 3295 nil
682 3221 940 3318 potess‘e
973 3236 1045 3294 3:
1100 3247 1340 3298 verum
1392 3220 1667 3295 miserae
1717 3244 1860 3294 non
1906 3211 1976 3293 in
2017 3239 2314 3299 mentem

708 3368 796 3417 ve
883 3363 1024 3418 rat:

369 3471 550 3577 Nam
585 3466 775 3545 illum
798 3366 1032 3569 :leiquo
1064 3469 1518 3546 conclufiffem
1541 3524 1565 3565 ,
1590 3497 1807 3573 neque
1831 3468 1927 3545 illi
1950 3472 2318 3549 commifis-

707 3595 845 3669 sem
883 3594 1239 3693 virginem.
1638 3708 1643 3716 1
2227 3622 2314 3700 25

461 3832 488 3872 ι
526 3810 678 3872 Bene
705 3806 877 3891 Pyth.
911 3826 1176 3892 tanquam
1213 3813 1284 3876 de
1493 3834 1526 3876 2
1563 3814 1655 3877 Sic
1688 3811 1935 3898 designat
1961 3812 2104 3877 Eun.
2128 3834 2187 3877 ut
2218 3818 2319 3880 ho·

374 3914 617 3999 fugitivo
659 3910 822 3972 servo
839 3957 862 3984 ,
906 3912 1118 3974 furtum
1165 3914 1278 3976 fae'-
1400 3919 1610 3977 minem
1647 3938 1759 3976 non
1799 3917 2020 3980 virilem
2049 3965 2071 3992 ,
2105 3919 2201 3982 sed
2240 3921 2319 3991 tie

372 4036 496 4082 tum
561 4012 857 4097 suspicatur
888 4058 910 4087 ,
965 4031 1160 4096 utpote
1214 4035 1285 4077 ex
1404 4017 1622 4078 midum
1652 4020 1718 4082 δι
1750 4023 1997 4083 inertem.

375 4124 580 4190 ancillis
615 4120 851 4185 Thaidis
879 4120 952 4183 ad
979 4141 1099 4183 rem
1126 4118 1287 4182 fami-
1496 4142 1525 4205 3
1565 4124 1652 4186 En
1686 4148 1881 4191 veram
1915 4129 2157 4189 indolem
2195 4105 2336 4192 σιω(
2395 4152 2414 4186 1

373 4231 569 4294 liat-em
607 4228 898 4304 attentior,
940 4228 1006 4292 &
1044 4227 1134 4287 cui
1176 4225 1291 4291 Th.
1412 4208 1639 4305 lien-affl,
1686 4232 2002 4314 praesertim
2041 4235 2096 4289 in
2147 4232 2326 4296 domo

377 4339 558 4400 domo
582 4331 813 4420 digress'a
833 4339 1027 4401 omnia
1047 4336 1291 4402 curanda
1411 4339 1714 4400 meretricia
1728 4385 1748 4413 ,
1767 4341 1830 4400 &
1849 4338 1920 4400 de
1944 4338 2143 4422 quibus
2162 4341 2324 4407 rebus

377 4441 899 4513 commendaverat.
1408 4440 1568 4526 loqui
1600 4445 1824 4514 amenta!
