2809 5234
527 964 630 1023 π
1016 942 2050 1039 ETERENTIt
2172 971 2197 1010 ι

523 1108 795 1183 Factam
831 1103 969 1182 effe
1014 1136 1035 1181 ε
1076 1108 1279 1182 huius
1317 1131 1461 1178 non
1514 1103 1757 1180 faciam
1796 1123 1842 1179 ¹.
1885 1103 2089 1179 crede
2117 1101 2295 1198 hoc,
2332 1131 2491 1207 ego

918 1256 1154 1306 meum
1197 1230 1303 1301 ius
1347 1223 1771 1324 persequar:

525 1352 781 1452 Neque
821 1369 901 1425 tu
927 1349 1158 1427 verbis
1204 1345 1438 1420 solves
1472 1362 1500 1395 ²
1554 1371 1869 1444 unquam
1891 1399 1918 1439 ,
1958 1347 2156 1446 quod
2194 1369 2268 1421 re
2297 1346 2476 1423 mihi

913 1469 1361 1546 malefeceris·
2378 1495 2405 1544 ι
2421 1495 2474 1545 0

522 1600 723 1679 Novi
748 1620 880 1694 ego
908 1591 1134 1664 vestra
1166 1591 1333 1662 haec
1375 1609 1438 1661 ³:
1473 1592 1738 1663 nollem
1769 1593 2026 1667 fastum
2060 1622 2080 1669 t
2113 1595 2464 1670 iusiuran-

894 1711 1060 1784 dum
1108 1710 1385 1785 dabitur
1426 1731 1498 1799 ⁴,
1550 1729 1620 1783 te
1657 1712 1792 1787 effe

515 1837 884 1934 Indignum
922 1832 1174 1908 iniuria
1221 1834 1393 1920 hac3
1452 1833 1748 1930 indignis
1796 1859 1959 1908 cum
2002 1858 2284 1935 egomet
2336 1843 2464 1919 sim

884 1969 1222 2050 acceptus
1275 1953 1522 2025 modis·

511 2078 646 2155 aa.
692 2097 716 2144 5
752 2079 890 2154 Abi
929 2103 1092 2179 prae
1136 2074 1405 2151 strenue
1448 2130 1472 2166 ,
1512 2100 1593 2149 ac
1645 2074 1833 2149 fores
1889 2075 2100 2173 aperi.
2145 2083 2224 2152 S.
2268 2101 2463 2156 cete·-

906 2230 1061 2277 rum
1103 2204 1242 2276 hoc
1282 2202 1455 2274 nihil
1483 2199 1649 2274 facis
1685 2213 1738 2272 ⁴.

461 2346 467 2351 ’
508 2321 641 2401 'Aa
696 2328 728 2399 1
764 2324 955 2400 intro
985 2306 1170 2399 hunc
1199 2325 1336 2397 iam
1366 2344 1446 2397 tu
1482 2344 1534 2396 ⁷.
1559 2333 1620 2396 S.
1656 2341 1725 2395 at
1759 2323 1941 2396 enim
1966 2346 2111 2397 non
2147 2322 2355 2396 finam
2392 2327 2453 2400 ⁸.

905 2451 1032 2517 Ae.
1066 2443 1315 2516 accede
1355 2440 1522 2515 illuc
1563 2443 1900 2514 Parmeno
1939 2462 1968 2504 9
2005 2466 2029 2527 3

510 2533 824 2644 Nimium
858 2567 1031 2640 istoc
1058 2567 1291 2642 abisti:
1321 2568 1434 2643 hic
1452 2587 1744 2667 propter
1784 2568 1971 2642 hunc
1995 2565 2231 2641 affiste.
2260 2568 2457 2662 hem‚·

514 2731 542 2786 1.
909 2687 998 2760 fic
1044 2689 1247 2766 volo,
2363 2715 2444 2792 ις

598 2963 625 3002 1
646 2940 795 3002 Cum
814 2944 1034 3024 crepitu
1058 2943 1399 3025 digitorum,
1630 2955 1664 3004 6
1680 2944 1897 3006 Sannio
1918 2941 1973 3002 se
1998 2960 2160 3024 parat
2176 2944 2246 3004 ad
2264 2945 2455 3026 impe·

504 3043 549 3112 l.
582 3047 745 3109 fimih'
791 3050 946 3132 gestu
992 3042 1312 3132 expzeffum
1348 3050 1395 3108 i·
1561 3048 1834 3110 diendum
1860 3049 2087 3131 puellae
2107 3051 2439 3110 introitum.

505 3152 639 3218 ‘dem
661 3159 741 3217 est
768 3159 965 3242 ,quod
998 3180 1103 3219 non
1121 3156 1393 3237 floccifiz-
1643 3179 1679 3228 7
1752 3153 2001 3217 Foribus
2057 3156 2173 3216 iam
2230 3156 2455 3235 apertis

502 3267 661 3326 ciam.
1546 3262 1754 3326 Aesch.
1794 3262 2050 3347 puellam
2074 3309 2091 3337 ‚
2116 3284 2289 3347 quam
2321 3283 2442 3323 ma-

586 3391 615 3425 2
677 3368 735 3427 h.
793 3389 845 3428 e.
903 3365 1254 3444 satisfacie53
1314 3367 1387 3426 cf.
1552 3387 1631 3427 nu
1667 3367 1854 3439 ducit,
1884 3367 2126 3427 introite
2156 3365 2333 3425 iubet.

497 3469 735 3532 Photm.
769 3473 828 3535 V
848 3519 863 3548 ‚
894 3495 927 3543 9
950 3519 966 3547 ,
996 3479 1093 3533 80.
1638 3477 1669 3532 8
1710 3472 1880 3534 Leno
1905 3471 2156 3555 puellam
2181 3472 2442 3554 prehen-

586 3599 610 3654 3
660 3582 763 3642 int.
798 3582 987 3643 verba.
1557 3582 1640 3643 dit
1674 3584 2010 3665 retinetque.

581 3706 617 3752 4
665 3682 980 3744 Iurabimus
1008 3731 1024 3758 ,
1061 3706 1116 3746 te
1145 3682 1255 3745 effe
1276 3695 1384 3746 sce.
1631 3709 1666 3758 9
1716 3686 1925 3750 Aesch.
1969 3684 2190 3767 semper
2231 3684 2441 3746 animo

492 3783 572 3848 cf.
622 3785 802 3869 Plaut.
838 3791 1136 3875 Amphitr.
1158 3795 1281 3869 111,
1305 3818 1336 3854 2
1360 3839 1379 3869 ,
1544 3795 1832 3881 praesenti
1887 3796 2136 3878 imperat
2174 3839 2193 3869 ,
2242 3815 2442 3880 neque

497 3912 553 3963 7·
1539 3901 1910 3984 perturbatur
1933 3899 2189 3969 lenoniis
2219 3895 2439 3959 clamo-

580 4014 608 4073 ς
656 3997 879 4081 Spretis
926 4006 1097 4063 minis
1144 4004 1379 4066 lenonis
1548 4006 1706 4067 ribus
1734 4015 1789 4067 δε
1818 4005 2133 4067 conatibus.
2163 4002 2436 4066 Ostendit

492 4097 816 4162 Aeschinus
877 4096 1095 4162 servum
1138 4105 1374 4166 Parme·
1541 4128 1681 4166 vero
1732 4124 1911 4187 poeta
1950 4127 2018 4164 ex
2079 4104 2267 4162 verbis
2302 4103 2429 4166 Ae-

494 4227 711 4266 nonem
774 4207 930 4269 iubet
988 4214 1207 4292 praeire
1241 4259 1257 4286 ,
1318 4232 1379 4273 ut
1544 4211 1727 4272 schini
1754 4208 1930 4293 ,quid
1973 4206 2183 4268 fassifflt
2213 4208 2375 4276 altefi
2402 4254 2430 4283 2
2500 4274 2507 4291 ,

434 4323 438 4327 ’
490 4308 644 4368 fores
687 4316 939 4396 aperiat,
980 4337 1100 4403 quo
1129 4320 1379 4381 introeat
1545 4322 1601 4377 ὅτ
1634 4313 1823 4375 setvus
1854 4320 1911 4374 &
1938 4309 2098 4376 leno·

486 4412 701 4490 put-ua.
