2809 5234
1111 325 1151 356 ἴὮ.

238 845 264 930 a
444 797 993 905 tntt'tnoavu

201 1078 203 1085 Ι
228 996 368 1089 serebat.
383 998 538 1083 tandem,
555 1020 625 1064 cum
649 991 888 1086 leno,puellae
915 994 1107 1082 dominus,
1149 1017 1212 1065 aue

231 1124 404 1218 pecuniam
420 1118 488 1216 fibi
497 1120 635 1212 ,quanti
649 1146 686 1187 ea
702 1140 791 1205 erat,
808 1121 903 1189 uellet
925 1120 962 1187 in
978 1143 1110 1188 manum
1124 1120 1213 1210 dari,

234 1271 294 1320 aut
308 1248 345 1341 se
367 1273 436 1318 eam
451 1247 512 1316 alii
532 1247 735 1317 venditurum
755 1247 959 1318 minitaretur
965 1273 981 1332 ;
994 1246 1148 1318 adduilus
1173 1250 1212 1316 in

227 1376 391 1469 summam
408 1373 656 1468 desperationem
693 1369 841 1466 Cteſspho
854 1375 921 1443 iam
934 1374 972 1445 de
999 1375 1213 1466 relinquenda

228 1503 342 1592 patria
361 1499 551 1594 cogitabat:
566 1521 637 1564 eum
656 1492 869 1584 Aeschinus,
891 1523 921 1567 re
939 1497 1123 1584 insellec'la,
1151 1499 1212 1592 qui

231 1633 324 1702 nullo
331 1648 428 1715 neque
430 1621 554 1710 pudore
561 1641 737 1705 teneretur,
753 1644 853 1711 neque
866 1644 952 1692 metu
960 1675 974 1711 ,
985 1610 1114 1692 domu'm
1124 1626 1213 1694 leno·

231 1756 286 1824 nis
294 1774 354 1843 ptr
371 1742 437 1812 rim
453 1735 607 1839 ingresus
628 1739 696 1841 esi,·
711 1764 741 1810 ee
756 1738 887 1832 ipfitm,
904 1764 934 1811 et
943 1741 1114 1831 familiam
1127 1769 1211 1814 eore-
1302 1754 1307 1762 ‘

231 1872 317 1941 audit
334 1865 484 1958 pugnis,
504 1866 709 1956 puellamque
739 1863 878 1954 pervim
891 1865 1053 1957 abreptam
1073 1870 1212 1939 tradidit

224 1984 336 2079 fiatri.
349 1985 528 2081 Spargitur
546 2005 616 2053 tota
627 1984 701 2053 urhe
720 2005 838 2051 rumor.
853 1982 943 2051 uenit
962 1984 1111 2072 Demea,
1132 1990 1207 2056 Mi.

219 2110 352 2199 ⁴cionem
369 2110 536 2204 obiurgat,
554 2109 734 2194 inclamat,
755 2102 888 2194 testatur
900 2103 995 2172 Deos
1021 2127 1115 2196 atque
1144 2111 1205 2175 ho-

212 2234 357 2323 mines,
379 2236 468 2328 quod
507 2226 701 2328 dissolutus,
721 2231 810 2323 quod
841 2228 1086 2318 intemperans,
1115 2230 1208 2318 quod

227 2356 392 2450 uinofies,
427 2357 516 2449 quod
535 2353 722 2446 scortator,
751 2351 841 2446 quod
860 2350 986 2419 nullius
1019 2349 1119 2418 honae
1155 2349 1201 2416 rei

229 2481 413 2572 Aeschinus
441 2475 557 2564 fhret,
588 2500 713 2545 omnent
739 2476 776 2544 in
800 2472 949 2544 Micione
983 2496 1048 2542 uno
1077 2471 1202 2540 haerere

228 2607 370 2695 culpam.
398 2601 483 2668 Diis
502 2600 627 2693 gratias
654 2599 871 2695 agere,quod
888 2599 942 2665 ille
956 2594 1094 2688 saltim,
1109 2620 1208 2687 quem

221 2727 295 2821 ipse
332 2726 399 2795 ruri
434 2726 559 2794 haberet
585 2775 597 2812 ,
623 2722 719 2818 srugi
753 2748 792 2792 ae
822 2744 1001 2814 temperans
1029 2713 1100 2815 eset
1110 2745 1126 2801 ;
1157 2722 1202 2788 rei

219 2855 364 2956 studeret
380 2904 392 2942 ,
419 2849 572 2940 etsamae
585 2876 600 2934 ,·
616 2852 746 2918 illarum
763 2872 865 2917 rerum
879 2847 968 2914 nihil
991 2869 1030 2913 ne
1047 2847 1202 2940 cogitaret

229 2973 356 3064 quidem
378 2997 390 3040 .·
411 2993 540 3039 tantum
585 2971 730 3038 uidelicet
760 2961 899 3062 interest
936 2966 1019 3034 inter
1041 2964 1140 3058 suam
1171 2991 1201 3036 et

219 3093 338 3186 fratris
365 3095 582 3188 disciplinam.
612 3097 730 3184 placat
745 3092 922 3179 hominem,
945 3115 1103 3185 quantum
1118 3094 1154 3161 in
1160 3094 1200 3185 se

226 3219 290 3308 est,
312 3219 416 3287 Micio
435 3243 448 3287 .·
467 3219 593 3307 iamque
604 3213 643 3305 se
679 3216 721 3281 ab
747 3238 783 3282 eo
805 3217 1036 3306 expediverat,
1058 3242 1129 3286 curn
1140 3217 1200 3307 stt·

219 3347 367 3436 peruenit
401 3345 516 3427 aliud,
541 3341 630 3434 quod
650 3342 787 3406 maiores
812 3342 908 3407 etiam
930 3344 1087 3408 turnultus
1107 3343 1199 3409 exci-

225 3489 317 3538 taret.
335 3471 481 3558 Raptam
493 3469 535 3533 ab
551 3462 710 3554 Aeschino
720 3463 942 3565 citharislriam
956 3517 968 3553 ,
976 3461 1136 3556 perfertur
1151 3467 1198 3534 ad

222 3611 355 3659 matrem
381 3589 584 3681 Pamphilae3
605 3611 685 3679 quae
707 3586 835 3679 quidem
864 3589 1044 3680 Pamphila
1065 3592 1113 3657 ita
1129 3607 1197 3657 eras

133 3757 135 3760 -
222 3716 270 3783 ad
278 3714 472 3805 pariendum
491 3715 622 3798 uicina,
636 3713 747 3782 uriam
765 3739 781 3781 e
800 3714 905 3797 dolore
926 3715 1094 3785 laboraret.
1115 3713 1198 3806 quid

219 3836 337 3924 statuet
359 3835 472 3924 misera
487 3839 505 3904 θ
519 3859 680 3905 mutatum
696 3837 850 3929 Aeschini
869 3840 1036 3926 animum,
1046 3837 1084 3930 se
1097 3863 1194 3916 uero,

215 3962 385 4053 filiamque
397 3957 495 4050 suam
509 3965 660 4051 proditas
682 3988 745 4054 per
754 3961 918 4053 summam
936 3962 1106 4056 pefidiam
1117 4014 1131 4050 ,
1155 3987 1196 4032 ae

219 4087 355 4177 desertas
389 4083 542 4175 putabat.
583 4087 699 4155 Getam
720 4085 912 4178 servulum,
939 4090 997 4180 qui
1019 4110 1193 4178 pauperent

211 4208 380 4296 familiam
389 4209 484 4301 solus
499 4263 512 4296 ,
530 4231 566 4278 ut
576 4233 729 4302 poterae,
750 4213 882 4296 alebat,
900 4211 1002 4279 mittit
1014 4213 1061 4279 ad
1075 4209 1194 4303 Hegiffi

217 4352 289 4408 nette
301 4383 315 4420 ,
327 4337 458 4424 puellae
487 4357 696 4430 cognatum,
736 4335 881 4426 iubetque
908 4334 936 4402 ei
959 4336 1045 4423 rem,
1071 4328 1109 4402 ul
1126 4351 1196 4404 eras
