2809 5234
254 875 324 923 212
506 848 1039 920 urttttzurtt.

253 1011 360 1106 Quod
376 1009 679 1091 illuminsrmulant
701 1023 710 1055 ¹
733 1009 878 1098 durum,
899 1009 933 1079 id
955 1031 1026 1080 non
1048 1003 1124 1080 ellz·
1145 1035 1226 1085 narn

426 1152 597 1229 parentum
621 1131 757 1204 iniuriae
774 1145 790 1178 ²
1179 1160 1227 1230 30

253 1257 362 1333 Unius
375 1256 471 1331 modi
492 1256 565 1328 sunt
589 1254 717 1328 ferme:
742 1255 844 1352 paulo
864 1254 922 1351 qui
942 1253 989 1328 ell
1007 1257 1116 1330 homo
1134 1259 1226 1331 tole·

425 1378 535 1451 rabilis
545 1392 570 1468 ³,

194 1486 197 1490 ¹
253 1503 396 1581 Scortari
410 1502 530 1587 crebro
546 1500 665 1572 nolunt
680 1528 689 1573 ε
710 1500 827 1572 nolunt
842 1502 961 1574 crebro
975 1505 1212 1579 convivarier:

254 1629 418 1703 Praebent
430 1622 547 1722 exigue
560 1623 749 1720 sumptum:
769 1644 869 1721 atque
887 1625 968 1702 haec
985 1645 1000 1690 ⁴
1019 1629 1092 1702 sunt
1111 1648 1225 1706 tamen

424 1751 466 1824 ad
488 1749 646 1821 virtutem
669 1747 794 1820 omnia.

254 1881 383 1955 Verurn
410 1874 468 1948 ubi
495 1871 628 1945 animus
665 1872 764 1944 sernel
795 1871 827 1946 se
863 1873 1042 1970 cupiditate
1072 1872 1225 1948 devinxit

426 1997 538 2086 mala,

254 2121 391 2197 Necelle
403 2120 470 2212 ell,
485 2117 657 2217 Clitipho,
670 2117 805 2193 consilia
818 2115 978 2218 consequi
997 2115 1180 2190 conlimilia
1200 2137 1224 2194 ς.

424 2247 492 2318 hoc
1174 2264 1217 2339 35

255 2371 381 2446 Scitum
403 2369 450 2444 est
464 2418 476 2454 ‚
490 2370 674 2466 periculum
692 2394 735 2442 ex
750 2366 820 2441 aliis
840 2365 972 2455 facere,
992 2361 1053 2439 tibi
1067 2364 1162 2464 quod
1179 2390 1223 2438 ex

423 2491 483 2566 usu
500 2493 569 2567 stet.

300 2753 312 2793 r
335 2734 381 2796 int.
409 2733 498 2797 Clinia
517 2756 582 2796 curn
603 2736 707 2799 amicit.
771 2733 908 2795 Betnllino
924 2730 1057 2798 firmatur.
1073 2791 1078 2801 ,
1092 2733 1225 2816 Loquitur

251 2838 299 2899 Sic
329 2836 404 2899 cod.
430 2837 529 2898 Bemb.
557 2838 589 2899 ὅ(
609 2837 707 2914 ⁸Bentl.
769 2857 838 2896 vero
852 2836 1020 2917 indulgentes
1030 2839 1057 2895 in
1069 2839 1157 2899 multis
1170 2863 1225 2921 pn-

255 2942 339 3026 l'ulg.
356 2943 498 3023 infirnulat.
772 2960 843 3012 tres,
859 2942 904 3021 qui
916 2959 1008 3000 tamen
1021 2940 1089 3001 lilios
1103 2966 1158 3005 non
1168 2945 1227 3025 pla·

296 3069 313 3107 2
346 3047 389 3107 Ex
419 3050 550 3129 opinione
576 3046 707 3107 liliorum.
769 3066 803 3105 ne
819 3044 897 3123 perdi
919 3043 1026 3105 volunt.
1054 3045 1093 3106 llli
1109 3049 1224 3127 quidem

253 3143 320 3207 Sunt
342 3168 411 3208 vero
434 3149 489 3208 itae
511 3165 638 3228 paternae
665 3147 703 3205 oh
766 3147 849 3205 multa
861 3146 1097 3230 patiuntur,quue
1112 3149 1164 3210 fert
1180 3169 1223 3209 ae-

252 3257 372 3319 liliorurn
390 3239 514 3341 peccata.
529 3256 566 3318 cf.
578 3257 648 3317 insta
662 3257 706 3330 V,
767 3278 808 3319 tas
818 3258 849 3319 dt
862 3258 946 3319 libido
961 3257 1102 3334 filiorum,
1118 3258 1164 3319 sed
1171 3278 1225 3324 ¹no-

255 3384 289 3437 π,
302 3386 402 3447 37-39.
766 3367 824 3427 lunt
833 3368 917 3427 crebro
926 3364 1022 3426 ealieri
1031 3388 1040 3440 3
1049 3365 1085 3426 cf.
1100 3364 1223 3445 Adelph.

297 3493 311 3552 3
328 3473 390 3552 Qui
409 3476 542 3556 prioribus
561 3476 628 3536 haec
647 3478 708 3534 iun·
771 3478 803 3550 Ι,
817 3499 853 3550 2,
866 3494 901 3555 23
914 3475 953 3556 sq.

254 3590 337 3662 gunt,
355 3579 516 3665 singularem
535 3609 587 3668 pro
612 3586 706 3667 plurali
807 3608 826 3665 4
846 3582 956 3648 Scilla
978 3582 1049 3642 nolle
1074 3581 1105 3644 ἃ
1125 3581 1220 3664 exigue

253 3683 381 3749 sumunt:
398 3690 443 3767 qui
461 3693 526 3770 sunt
551 3691 708 3757 tolerabiles.
764 3697 884 3777 praebere
894 3692 1036 3775 sumptum.

252 3792 307 3853 Sed
326 3794 392 3854 illud
406 3798 556 3857 uniusmodi
578 3799 658 3871 lecit,
676 3816 706 3859 ut
811 3795 877 3880 5En
892 3793 969 3855 usutn
986 3788 1221 3869 sermonis,qttenr

134 3948 137 3954 .
252 3900 384 3961 altiss,
401 3899 511 3960 &edd
529 3920 595 3963 vett.
611 3925 644 3964 ex
661 3904 704 3964 iis·
765 3925 862 3984 capere
878 3902 955 3965 suurn
975 3901 1061 3961 lilium
1076 3898 1150 3957 iubet
1167 3916 1222 3975 pa-

251 3986 304 4085 qite
323 4005 439 4088 Argent.
456 4006 547 4067 no'llra
561 4009 628 4071 lraec
646 4011 702 4092 sqq.
764 4028 805 4071 ter
817 4056 826 4081 ,
840 4012 968 4091 quamvis
986 4030 1076 4069 rerunt
1098 4008 1154 4065 eius
1174 4005 1221 4085 ig-¹

251 4110 471 4194 coniungerent,
498 4109 559 4170 dein
585 4113 704 4195 legendo
765 4136 855 4175 natus.
885 4115 995 4196 Repetit
1015 4136 1085 4201 vero
1101 4111 1172 4172 diua
1185 4126 1219 4168 v.
1311 4136 1315 4145 1

245 4216 284 4290 fc.
294 4222 378 4278 crebro
389 4243 443 4278 non
452 4219 527 4292 vult,
539 4223 623 4280 crebro
638 4244 702 4282 con·
763 4221 801 4302 lq.
813 4243 877 4283 cum
896 4221 1027 4290 derisione
1038 4221 1106 4284 lilius
1122 4219 1167 4284 Sc.
1179 4216 1224 4301 (11--

251 4314 705 4411 vivarienpraebn&c.sedvug.
766 4351 795 4392 v.
808 4352 835 4414 9.
942 4396 948 4408 ,
