2809 5234
205 875 256 946 44
336 934 338 939 ,
461 850 941 928 r.·teaeuarr
1028 800 1034 809 ¹

207 1013 382 1091 Reducant
397 1015 547 1090 animum
562 1034 736 1114 aegrotum
751 1017 792 1088 ad
808 1014 1094 1112 misericordiam,

206 1135 360 1207 Uxorem
384 1138 513 1210 demus.
546 1135 645 1232 spero
670 1133 932 1225 consuetudine,
960 1155 995 1211 et
1042 1182 1047 1201 ·

205 1256 379 1356 Coniugio
403 1257 530 1330 liberali
554 1255 771 1347 devindium,
794 1258 964 1345 Chreme,

206 1379 345 1453 Dehinc
367 1377 466 1452 facile
488 1404 529 1452 ex
554 1378 618 1450 illis
634 1378 701 1451 sese
722 1378 928 1452 emersurum
955 1380 1058 1456 malis.
1136 1410 1190 1485 30

205 1507 247 1576 C.
259 1501 340 1576 Tibi
353 1502 399 1575 ita
411 1501 480 1574 hoc
493 1499 645 1573 videtur:
665 1516 698 1572 at
710 1524 776 1597 ego
790 1525 858 1573 non
873 1502 968 1599 poffe
980 1501 1152 1595 arbitror,

206 1625 329 1727 Neque
361 1621 454 1695 illum
486 1621 573 1697 hanc
602 1638 768 1720 perpetuo
801 1621 955 1714 habere,
983 1647 1094 1725 neque
1126 1612 1189 1707 rue

378 1745 517 1842 perpeti.

211 1870 249 1937 S.
263 1863 334 1958 Qui
347 1863 408 1938 scis
426 1887 507 1963 ergo
521 1862 628 1937 isthuc
640 1916 652 1955 ,
664 1862 724 1936 nist
738 1861 922 1960 periculum
939 1864 1084 1941 feceris?

171 2040 174 2047 -
212 1993 247 2061 C.
269 1993 315 2060 At
333 1985 439 2063 isthuc
460 1986 644 2086 periculum
666 1985 702 2059 in
720 1984 789 2059 filia
806 1983 904 2075 fieri,
925 2009 1026 2078 grave
1047 1986 1109 2064 est.

210 2120 250 2187 S.
283 2115 417 2212 Nempe
450 2112 715 2191 incommoditas
747 2125 759 2162 ¹
795 2109 939 2212 denique
967 2113 1033 2189 huc
1069 2116 1187 2193 omnis

312 2226 317 2237 '
377 2232 488 2318 redit;
1132 2258 1180 2335 35

206 2357 243 2432 si
265 2357 420 2445 eveniat,
437 2356 533 2455 quod
552 2354 587 2428 di
614 2354 841 2453 prohibeant,
860 2352 1029 2428 disceffio.

207 2485 254 2552 At
279 2478 304 2551 st
326 2476 524 2576 corrigitur,
552 2502 639 2576 quot
666 2477 924 2553 commoditates
939 2493 977 2572 ²,
992 2478 1095 2556 vide:

207 2601 378 2701 Principio
403 2602 514 2677 amico
537 2601 644 2674 filium
664 2601 859 2675 restitueris:

204 2723 291 2800 Tibi
304 2750 463 2823 generum
485 2722 642 2815 firmum,
655 2749 688 2798 et
702 2722 788 2798 filiae
806 2723 958 2798 iuvenies
971 2722 1094 2801 vinam.

209 2852 246 2922 C.
273 2848 368 2944 Quid
392 2847 465 2922 istic
482 2848 572 2922 Μ
598 2848 643 2922 ita
672 2849 754 2924 istuc
781 2847 932 2922 animum
959 2847 1091 2923 induxti
1112 2847 1185 2924 effe

378 2973 482 3072 utile,
1129 3000 1184 3070 40

208 3098 303 3174 Nolo
320 3097 380 3172 tibi
399 3100 504 3172 ullum
530 3099 754 3173 commodum
776 3097 887 3173 inme
913 3098 1070 3176 claudier.

208 3234 249 3302 S.
267 3227 391 3300 Merito
417 3204 600 3322 tesemper
623 3224 774 3298 maxumi
797 3223 885 3314 feci,
908 3224 1067 3301 Chreme.

211 3355 250 3427 C.
275 3348 341 3425 Sed
362 3349 445 3450 quid
470 3349 544 3424 ais?
571 3355 610 3422 S.
636 3347 747 3446 qnid?
778 3349 814 3421 C.
839 3343 898 3446 qui
921 3345 982 3420 scis
1007 3372 1068 3423 eos
1090 3372 1182 3425 nunc

381 3474 571 3549 discordare
592 3472 680 3547 inter
703 3471 765 3544 se?

206 3602 248 3673 5.
269 3593 354 3694 lpsu’
379 3597 462 3671 mihi
486 3601 630 3691 Davus,
649 3598 706 3700 qui
726 3595 858 3672 iutimu'
876 3597 924 3672 est
952 3622 1071 3676 eorum
1092 3621 1181 3675 cou-

381 3717 613 3807 fifflfflu

252 3858 1131 3946 rmmmmfflmwmfflmk

209 3952 294 4018 Molli
325 3953 415 4015 vetbo
449 3972 576 4017 extenuat
607 3979 667 4020 rem
770 3957 924 4040 3Formula
933 3956 1108 4019 concedentis
1118 3950 1182 4036 post

211 4050 420 4114 atrocissimam.
429 4048 666 4114 ficocdivonium
723 4054 843 4138 aliquam
851 4048 1183 4115 reludiationem.Sich·

210 4136 297 4217 ipsmn
323 4148 352 4208 di
365 4144 438 4225 ceffio
460 4144 547 4208 lenius
565 4143 663 4207 dicitur
720 4147 802 4208 noch.
833 4167 870 4217 t,
891 4167 928 4221 2,
945 4167 1002 4228 91,
1021 4145 1122 4208 Heaut.
1144 4163 1182 4230 5,

214 4226 317 4297 Sinoni
728 4236 1113 4323 5,9.Ade1ph.t,2,53.

179 4420 182 4425 Ι
257 4286 668 4396 anebontenolumena.
