2809 5234
293 648 339 737 32
544 636 583 715 R
640 626 1175 718 putauerit:
1247 674 1251 680 -

291 794 343 875 Ut
359 798 491 898 inipso
507 798 657 875 articulo
679 820 689 852 ¹
706 800 882 901 oppreffit.
902 788 1041 901 emptae
1064 804 1236 884 mulieres

170 1017 174 1023 ,
290 927 578 1037 Complurespet
606 928 690 1000 item
716 927 798 1001 hinc
818 928 911 1029 alia,
939 908 1167 1030 quae-:porro
1195 936 1273 1036 cy.

488 1056 603 1148 pr'um.
838 1058 842 1069 “
1030 1074 1032 1079 ·
1102 1076 1106 1137 j·

290 1174 362 1250 Nisi
394 1198 438 1249 eo
469 1176 512 1247 ad
547 1188 741 1246 mercatum
774 1171 917 1267 venio,
947 1172 1123 1271 damnum„
1147 1201 1280 1265 mauu.¹

486 1314 583 1369 mum
617 1294 677 1371 est.
1073 1387 1078 1397 .
1117 1296 1129 1325 ⁵

288 1420 392 1496 Nunc
416 1418 440 1492 st
466 1419 546 1512 hoe
558 1420 687 1493 omitto
705 1434 744 1511 ²,
771 1443 812 1494 ac
836 1434 912 1496 tum
936 1445 1059 1524 agam,
1083 1422 1145 1499 uhi
1165 1412 1265 1504 illine

279 1549 282 1555 ’
484 1547 647 1630 rediero;
733 1588 772 1597 --
1079 1546 1082 1551 ’

286 1699 384 1776 Nihil
402 1697 474 1771 est:
497 1694 670 1769 refrixerit
684 1716 790 1783 rests
812 1724 900 1769 nunc
919 1678 1047 1768 dentiam
1076 1701 1167 1770 aenis
1181 1702 1202 1770 .>
1221 1717 1265 1800 25

292 1849 363 1917 Cur
368 1839 510 1942 paffits?
533 1842 711 1911 abieras?
732 1856 772 1912 ut
792 1838 864 1911 *stt
887 1835 991 1912 satius
1014 1837 1186 1936 perdere,

287 1999 405 2089 Quam
421 2010 480 2066 aut
496 1993 553 2065 hic
575 2012 713 2063 manete
732 2006 803 2106 tam
818 1988 903 2079 diu,
917 2006 981 2080 aut
996 2004 1071 2061 tum
1089 1989 1265 2091 persequi.

286 2149 348 2239 Sy.
384 2143 499 2216 Iamne
528 2135 732 2212 enumerasti
756 2110 801 2209 id
820 2134 918 2234 quod
934 2136 984 2210 ed
1010 2154 1046 2212 te
1066 2137 1260 2213 rediturum

483 2277 584 2356 putea
604 2278 612 2323 ¹
631 2266 645 2336 i

282 2542 402 2602 maioris
419 2536 492 2602 lucri
513 2544 608 2624 pretio
623 2548 728 2604 emere.

328 2668 339 2707 1
368 2646 388 2706 s.
415 2666 587 2721 momento,
610 2647 683 2708 hora
699 2649 732 2706 ei

281 2754 322 2811 tei
344 2756 518 2836 tempestiva.

323 2883 338 2916 2
361 2864 413 2919 int.
429 2856 561 2941 persequi
577 2857 620 2917 ius
629 2877 727 2917 meum

280 2963 315 3023 ele
331 2984 428 3044 erepta
447 2963 519 3022 mihi
536 2961 622 3022 serva.

323 3091 335 3147 3
356 3068 494 3150 Elliprica
507 3067 636 3139 locutio,
650 3087 724 3150 quae

277 3178 305 3237 {e
325 3179 360 3237 ad
379 3175 441 3260 sqq.
469 3176 571 3248 habet,
592 3194 621 3234 ut
641 3195 721 3235 aute·

277 3288 390 3346 eedens.
409 3287 440 3345 si
461 3282 547 3344 semel
567 3281 587 3342 s.
605 3281 653 3341 ubi
674 3304 721 3342 re-

276 3398 384 3457 frixerit
413 3414 476 3472 ret,
500 3393 719 3475 respondebitur

276 3505 346 3565 mihi
357 3527 363 3561 ε
378 3529 446 3564 nunc
459 3508 560 3565 demum
572 3506 646 3564 vertis
662 3512 717 3564 &c.

275 3612 310 3673 cf.
331 3611 436 3673 Heaut.
451 3614 485 3686 Ι,
505 3635 536 3687 1,
558 3634 595 3685 27
617 3612 717 3694 ibique

276 3738 336 3779 not.
356 3718 432 3778 Eun.
445 3718 474 3777 ΙΙ
486 3765 495 3792 ,
512 3740 610 3794 a,21.
626 3719 721 3801 lupri-

276 3828 329 3886 mis
344 3825 461 3913 Phorm.
475 3828 521 3900 11,
533 3850 545 3906 3
557 3874 568 3899 ‚
578 3847 612 3907 35
626 3830 719 3888 Unum

274 3935 406 4017 cognoris,
421 3953 507 3992 omnes
522 3936 600 3994 noris.
613 3933 719 3993 Mone-

275 4071 336 4108 mus
353 4048 444 4118 haec,
463 4047 542 4132 quod
558 4066 659 4105 omncs
671 4047 718 4106 in·

273 4170 369 4232 aerpp.
384 4152 453 4212 inde
471 4172 488 4213 a
509 4149 593 4213 Don-
609 4150 719 4212 erati·-

811 2561 879 2605 nem
891 2541 957 2605 lul.
976 2538 1073 2608 miuus
1091 2529 1194 2630 cepiffe
1210 2550 1258 2610 vi-

812 2650 922 2708 demus.
934 2695 937 2701 .

780 2760 782 2764 ’
847 2746 866 2826 4
895 2751 962 2812 Post
984 2753 1146 2813 orationem
1167 2753 1256 2815 affec-

810 2875 891 2918 tuum
910 2857 1028 2938 plenam
1057 2867 1084 2918 &
1113 2862 1256 2920 narratio-

808 2984 876 3024 nem
888 2961 971 3044 saepe
983 2965 1011 3026 io
1021 2982 1052 3024 ut
1061 2963 1159 3025 locum
1172 2967 1258 3024 inve-

808 3069 851 3127 nit
864 3113 873 3140 ,
888 3088 920 3128 ut
931 3071 991 3129 vim
1003 3068 1196 3131 concludendi
1206 3070 1256 3130 ha-

807 3177 879 3237 beat.
898 3176 934 3236 cf.
956 3176 1062 3238 Heaut.
1077 3180 1129 3253 11,
1145 3169 1254 3255 2264,

805 3279 954 3346 Phorml
970 3325 980 3353 ,
999 3303 1037 3354 ι,
1056 3303 1104 3356 57.

843 3406 857 3464 5
873 3388 982 3471 Syrus,
998 3385 1150 3469 perspecta
1165 3388 1252 3450 solli·

799 3500 926 3560 titudine
951 3497 1091 3572 lenonis,
1116 3496 1253 3562 sednon

798 3608 970 3683 intellesto,
986 3608 1058 3693 quid
1070 3602 1165 3667 secum
1190 3607 1252 3666 dis-

803 3719 965 3801 putaverit,
983 3707 1048 3777 satis
1069 3717 1181 3775 comice
1200 3736 1252 3773 ro-

801 3848 850 3911 gat
862 3873 878 3901 ,.
893 3828 963 3912 quid
986 3826 1021 3887 ad
1040 3824 1068 3883 se
1089 3822 1253 3884 rediturum

801 3951 892 4014 putet.
916 3931 944 3990 lt
964 3947 1032 3987 vero
1051 3923 1171 4006 perdere
1188 3945 1252 4004 po-

802 4040 859 4104 tius
897 4056 1048 4120 argentum
1084 4031 1249 4111 maluerat,

800 4164 888 4229 quam
915 4140 977 4202 eius
1011 4136 1136 4202 habendi
1164 4137 1250 4202 causa
1312 4140 1314 4145 ’
