<?xml version="1.0" encoding="UTF-8"?>
<!DOCTYPE html PUBLIC "-//W3C//DTD XHTML 1.0 Transitional//EN"
    "http://www.w3.org/TR/xhtml1/DTD/xhtml1-transitional.dtd">
<html xmlns="http://www.w3.org/1999/xhtml" xml:lang="en" lang="en">
 <head>
  <title>
</title>
<meta http-equiv="Content-Type" content="text/html;charset=utf-8" />
  <meta name='ocr-system' content='tesseract 3.04.00' />
  <meta name='ocr-capabilities' content='ocr_page ocr_carea ocr_par ocr_line ocrx_word'/>
</head>
<body>
  <div class='ocr_page' id='page_1' title='image "./publiiterentiia00teregoog_0172.png"; bbox 0 0 2809 5234; ppageno 0'>
   <div class='ocr_carea' id='block_1_1' title="bbox 312 506 1193 693">
    <p class='ocr_par' dir='ltr' id='par_1_1' title="bbox 312 506 1193 693">
     <span class='ocr_line' id='line_1_1' title="bbox 1135 506 1193 515; baseline -0.034 0"><span class='ocrx_word' id='word_1_1' title='bbox 1135 510 1138 515; x_wconf 91' lang='lat'><em>.</em></span> <span class='ocrx_word' id='word_1_2' title='bbox 1186 506 1193 513; x_wconf 85' lang='lat'><em>-</em></span> 
     </span>
     <span class='ocr_line' id='line_1_2' title="bbox 312 684 317 693; baseline 0 0"><span class='ocrx_word' id='word_1_3' title='bbox 312 684 317 693; x_wconf 76' lang='lat' dir='ltr'>e</span> 
     </span>
    </p>
   </div>
   <div class='ocr_carea' id='block_1_2' title="bbox 506 825 983 957">
    <p class='ocr_par' dir='ltr' id='par_1_2' title="bbox 506 825 983 957">
     <span class='ocr_line' id='line_1_3' title="bbox 506 825 983 957; baseline 0 -36"><span class='ocrx_word' id='word_1_4' title='bbox 506 847 544 921; x_wconf 76' lang='lat' dir='ltr'>r.</span> <span class='ocrx_word' id='word_1_5' title='bbox 592 825 983 957; x_wconf 65' lang='lat' dir='ltr'>tuentum</span> 
     </span>
    </p>
   </div>
   <div class='ocr_carea' id='block_1_3' title="bbox 255 996 1244 1981">
    <p class='ocr_par' dir='ltr' id='par_1_3' title="bbox 257 996 1239 1208">
     <span class='ocr_line' id='line_1_4' title="bbox 257 996 1239 1109; baseline 0.006 -28"><span class='ocrx_word' id='word_1_6' title='bbox 257 1010 297 1083; x_wconf 89' lang='lat' dir='ltr'>T.</span> <span class='ocrx_word' id='word_1_7' title='bbox 318 996 490 1107; x_wconf 81' lang='lat' dir='ltr'>Siquidem</span> <span class='ocrx_word' id='word_1_8' title='bbox 520 1033 577 1084; x_wconf 92' lang='lat' dir='ltr'>me</span> <span class='ocrx_word' id='word_1_9' title='bbox 613 1026 761 1099; x_wconf 84' lang='lat' dir='ltr'>amaret,</span> <span class='ocrx_word' id='word_1_10' title='bbox 798 1026 871 1084; x_wconf 86' lang='lat' dir='ltr'>tum</span> <span class='ocrx_word' id='word_1_11' title='bbox 902 1009 987 1085; x_wconf 83' lang='lat' dir='ltr'>istuc</span> <span class='ocrx_word' id='word_1_12' title='bbox 1025 1005 1239 1109; x_wconf 71' lang='lat' dir='ltr'>prodess&#39;et3</span> 
     </span>
     <span class='ocr_line' id='line_1_5' title="bbox 427 1134 610 1208; baseline -0.016 0"><span class='ocrx_word' id='word_1_13' title='bbox 427 1134 566 1208; x_wconf 82' lang='lat' dir='ltr'><strong>Gnatho</strong></span> <span class='ocrx_word' id='word_1_14' title='bbox 584 1146 610 1206; x_wconf 89' lang='lat'>¹.</span> 
     </span>
    </p>

    <p class='ocr_par' dir='ltr' id='par_1_4' title="bbox 255 1255 1239 1473">
     <span class='ocr_line' id='line_1_6' title="bbox 256 1255 1239 1359; baseline 0.005 -28"><span class='ocrx_word' id='word_1_15' title='bbox 256 1259 301 1332; x_wconf 89' lang='lat' dir='ltr'>G.</span> <span class='ocrx_word' id='word_1_16' title='bbox 309 1257 460 1353; x_wconf 82' lang='lat' dir='ltr'>Quando</span> <span class='ocrx_word' id='word_1_17' title='bbox 473 1257 568 1350; x_wconf 87' lang='lat' dir='ltr'>illud,</span> <span class='ocrx_word' id='word_1_18' title='bbox 582 1255 810 1356; x_wconf 83' lang='lat' dir='ltr'>quodtudas,</span> <span class='ocrx_word' id='word_1_19' title='bbox 819 1256 996 1356; x_wconf 72' lang='lat' dir='ltr'>exspedat,</span> <span class='ocrx_word' id='word_1_20' title='bbox 1005 1274 1104 1359; x_wconf 78' lang='lat' dir='ltr'>atque</span> <span class='ocrx_word' id='word_1_21' title='bbox 1118 1256 1239 1353; x_wconf 66' lang='lat' dir='ltr'>emat}</span> 
     </span>
     <span class='ocr_line' id='line_1_7' title="bbox 255 1379 1087 1473; baseline -0.001 -16"><span class='ocrx_word' id='word_1_22' title='bbox 255 1385 325 1457; x_wconf 83' lang='lat' dir='ltr'>Iam</span> <span class='ocrx_word' id='word_1_23' title='bbox 338 1380 466 1456; x_wconf 89' lang='lat' dir='ltr'>dudum</span> <span class='ocrx_word' id='word_1_24' title='bbox 480 1405 514 1456; x_wconf 87' lang='lat' dir='ltr'>te</span> <span class='ocrx_word' id='word_1_25' title='bbox 527 1398 615 1456; x_wconf 82' lang='lat' dir='ltr'>amat</span> <span class='ocrx_word' id='word_1_26' title='bbox 628 1407 641 1466; x_wconf 88' lang='lat'>;</span> <span class='ocrx_word' id='word_1_27' title='bbox 652 1379 846 1455; x_wconf 80' lang='lat' dir='ltr'>iamdudum</span> <span class='ocrx_word' id='word_1_28' title='bbox 858 1382 907 1456; x_wconf 84' lang='lat' dir='ltr'>illi</span> <span class='ocrx_word' id='word_1_29' title='bbox 917 1381 1014 1457; x_wconf 79' lang='lat' dir='ltr'>facile</span> <span class='ocrx_word' id='word_1_30' title='bbox 1028 1380 1087 1473; x_wconf 89' lang='lat' dir='ltr'>tit,</span> 
     </span>
    </p>

    <p class='ocr_par' dir='ltr' id='par_1_5' title="bbox 255 1505 1244 1981">
     <span class='ocr_line' id='line_1_8' title="bbox 255 1505 1241 1608; baseline 0.002 -25"><span class='ocrx_word' id='word_1_31' title='bbox 255 1506 363 1601; x_wconf 89' lang='lat' dir='ltr'>Quod</span> <span class='ocrx_word' id='word_1_32' title='bbox 375 1505 506 1582; x_wconf 75' lang='lat' dir='ltr'>dolente</span> <span class='ocrx_word' id='word_1_33' title='bbox 524 1519 539 1554; x_wconf 88' lang='lat'>²</span> <span class='ocrx_word' id='word_1_34' title='bbox 553 1525 678 1581; x_wconf 90' lang='lat' dir='ltr'>metuet</span> <span class='ocrx_word' id='word_1_35' title='bbox 689 1506 836 1605; x_wconf 83' lang='lat' dir='ltr'>semper,</span> <span class='ocrx_word' id='word_1_36' title='bbox 846 1532 946 1605; x_wconf 87' lang='lat' dir='ltr'>quem</span> <span class='ocrx_word' id='word_1_37' title='bbox 956 1506 1025 1606; x_wconf 86' lang='lat' dir='ltr'>ipsa</span> <span class='ocrx_word' id='word_1_38' title='bbox 1036 1532 1124 1583; x_wconf 90' lang='lat' dir='ltr'>nunc</span> <span class='ocrx_word' id='word_1_39' title='bbox 1137 1506 1241 1608; x_wconf 83' lang='lat' dir='ltr'>capit</span> 
     </span>
     <span class='ocr_line' id='line_1_9' title="bbox 258 1630 1243 1730; baseline 0.005 -25"><span class='ocrx_word' id='word_1_40' title='bbox 258 1634 413 1705; x_wconf 73' lang='lat' dir='ltr'>feudum</span> <span class='ocrx_word' id='word_1_41' title='bbox 425 1683 437 1718; x_wconf 90' lang='lat'>,</span> <span class='ocrx_word' id='word_1_42' title='bbox 450 1655 493 1703; x_wconf 89' lang='lat' dir='ltr'>ne</span> <span class='ocrx_word' id='word_1_43' title='bbox 512 1632 649 1730; x_wconf 86' lang='lat' dir='ltr'>quando</span> <span class='ocrx_word' id='word_1_44' title='bbox 661 1630 762 1706; x_wconf 67' lang='lat' dir='ltr'>uanus</span> <span class='ocrx_word' id='word_1_45' title='bbox 780 1651 818 1705; x_wconf 91' lang='lat' dir='ltr'>tu</span> <span class='ocrx_word' id='word_1_46' title='bbox 830 1631 898 1704; x_wconf 84' lang='lat' dir='ltr'>alio</span> <span class='ocrx_word' id='word_1_47' title='bbox 917 1632 1080 1705; x_wconf 86' lang='lat' dir='ltr'>conferas.</span> <span class='ocrx_word' id='word_1_48' title='bbox 1183 1637 1243 1710; x_wconf 83' lang='lat'>60</span> 
     </span>
     <span class='ocr_line' id='line_1_10' title="bbox 262 1739 1244 1839; baseline 0.01 -11"><span class='ocrx_word' id='word_1_49' title='bbox 262 1760 301 1839; x_wconf 81' lang='grc' dir='ltr'>Τ.</span> <span class='ocrx_word' id='word_1_50' title='bbox 317 1759 406 1831; x_wconf 82' lang='lat' dir='ltr'>Bene</span> <span class='ocrx_word' id='word_1_51' title='bbox 422 1755 507 1830; x_wconf 84' lang='lat' dir='ltr'>dixti</span> <span class='ocrx_word' id='word_1_52' title='bbox 517 1782 526 1829; x_wconf 76' lang='grc' dir='ltr'><strong><em>ε</em></strong></span> <span class='ocrx_word' id='word_1_53' title='bbox 538 1773 572 1829; x_wconf 86' lang='lat' dir='ltr'>at</span> <span class='ocrx_word' id='word_1_54' title='bbox 584 1739 667 1829; x_wconf 88' lang='lat' dir='ltr'>mihi</span> <span class='ocrx_word' id='word_1_55' title='bbox 676 1754 760 1832; x_wconf 84' lang='lat' dir='ltr'>istuc</span> <span class='ocrx_word' id='word_1_56' title='bbox 768 1780 840 1830; x_wconf 90' lang='lat' dir='ltr'>non</span> <span class='ocrx_word' id='word_1_57' title='bbox 849 1754 883 1829; x_wconf 92' lang='lat' dir='ltr'>in</span> <span class='ocrx_word' id='word_1_58' title='bbox 896 1773 1042 1830; x_wconf 80' lang='lat' dir='ltr'>mentem</span> <span class='ocrx_word' id='word_1_59' title='bbox 1051 1778 1192 1831; x_wconf 78' lang='lat' dir='ltr'>venerat</span> <span class='ocrx_word' id='word_1_60' title='bbox 1208 1772 1244 1837; x_wconf 79' lang='lat'>3.</span> 
     </span>
     <span class='ocr_line' id='line_1_11' title="bbox 262 1878 1158 1981; baseline -0.004 -26"><span class='ocrx_word' id='word_1_61' title='bbox 262 1882 307 1955; x_wconf 84' lang='lat' dir='ltr'>G.</span> <span class='ocrx_word' id='word_1_62' title='bbox 328 1880 520 1956; x_wconf 86' lang='lat' dir='ltr'>Ridiculum</span> <span class='ocrx_word' id='word_1_63' title='bbox 535 1896 569 1954; x_wconf 75' lang='lat'>42</span> <span class='ocrx_word' id='word_1_64' title='bbox 593 1879 774 1955; x_wconf 90' lang='lat' dir='ltr'>nonenim</span> <span class='ocrx_word' id='word_1_65' title='bbox 797 1878 971 1981; x_wconf 76' lang='lat' dir='ltr'>cogitatas.</span> <span class='ocrx_word' id='word_1_66' title='bbox 987 1897 1158 1968; x_wconf 83' lang='lat' dir='ltr'>ceterum,</span> 
     </span>
    </p>
   </div>
   <div class='ocr_carea' id='block_1_4' title="bbox 190 821 329 921">
    <p class='ocr_par' dir='ltr' id='par_1_6' title="bbox 190 821 329 921">
     <span class='ocr_line' id='line_1_12' title="bbox 190 821 329 921; baseline -0.014 0"><span class='ocrx_word' id='word_1_67' title='bbox 190 821 194 836; x_wconf 83' lang='lat'>&#39;</span> <span class='ocrx_word' id='word_1_68' title='bbox 252 856 329 921; x_wconf 65' lang='grc' dir='ltr'>τη·</span> 
     </span>
    </p>
   </div>
   <div class='ocr_carea' id='block_1_5' title="bbox 245 2096 1245 2370">
    <p class='ocr_par' dir='ltr' id='par_1_7' title="bbox 245 2096 1245 2370">
     <span class='ocr_line' id='line_1_13' title="bbox 257 2096 1244 2184; baseline -0.003 -20"><span class='ocrx_word' id='word_1_69' title='bbox 257 2096 349 2164; x_wconf 77' lang='lat' dir='ltr'>sentit</span> <span class='ocrx_word' id='word_1_70' title='bbox 361 2097 391 2161; x_wconf 90' lang='lat' dir='ltr'>id</span> <span class='ocrx_word' id='word_1_71' title='bbox 401 2097 597 2183; x_wconf 77' lang='lat' dir='ltr'>hmb.eoque</span> <span class='ocrx_word' id='word_1_72' title='bbox 605 2116 715 2184; x_wconf 75' lang='lat' dir='ltr'>praeter</span> <span class='ocrx_word' id='word_1_73' title='bbox 819 2120 832 2162; x_wconf 84' lang='grc' dir='ltr'><strong>ι</strong></span> <span class='ocrx_word' id='word_1_74' title='bbox 860 2099 953 2164; x_wconf 84' lang='lat' dir='ltr'>Semel</span> <span class='ocrx_word' id='word_1_75' title='bbox 969 2100 1036 2184; x_wconf 83' lang='lat' dir='ltr'>sapit</span> <span class='ocrx_word' id='word_1_76' title='bbox 1054 2098 1187 2183; x_wconf 75' lang='lat' dir='ltr'>gloriosus</span> <span class='ocrx_word' id='word_1_77' title='bbox 1206 2103 1244 2167; x_wconf 69' lang='lat' dir='ltr'>tn</span> 
     </span>
     <span class='ocr_line' id='line_1_14' title="bbox 259 2192 1245 2279; baseline -0.001 -21"><span class='ocrx_word' id='word_1_78' title='bbox 259 2192 355 2258; x_wconf 83' lang='lat' dir='ltr'>codd.</span> <span class='ocrx_word' id='word_1_79' title='bbox 369 2193 512 2256; x_wconf 86' lang='lat' dir='ltr'>ullosfecit</span> <span class='ocrx_word' id='word_1_80' title='bbox 526 2221 579 2279; x_wconf 81' lang='lat' dir='ltr'>par</span> <span class='ocrx_word' id='word_1_81' title='bbox 592 2215 623 2256; x_wconf 84' lang='lat' dir='ltr'>tu</span> <span class='ocrx_word' id='word_1_82' title='bbox 631 2196 717 2279; x_wconf 84' lang='lat' dir='ltr'>pari,</span> <span class='ocrx_word' id='word_1_83' title='bbox 776 2194 815 2256; x_wconf 87' lang='lat' dir='ltr'>sui</span> <span class='ocrx_word' id='word_1_84' title='bbox 840 2212 1032 2271; x_wconf 81' lang='lat' dir='ltr'>contemtum,</span> <span class='ocrx_word' id='word_1_85' title='bbox 1052 2195 1178 2257; x_wconf 76' lang='lat' dir='ltr'>dubitans</span> <span class='ocrx_word' id='word_1_86' title='bbox 1199 2198 1245 2265; x_wconf 78' lang='lat' dir='ltr'>de</span> 
     </span>
     <span class='ocr_line' id='line_1_15' title="bbox 245 2278 1244 2370; baseline 0 -21"><span class='ocrx_word' id='word_1_87' title='bbox 245 2278 337 2370; x_wconf 74' lang='lat' dir='ltr'>¹quod</span> <span class='ocrx_word' id='word_1_88' title='bbox 348 2309 401 2349; x_wconf 82' lang='lat' dir='ltr'>rec.</span> <span class='ocrx_word' id='word_1_89' title='bbox 413 2287 501 2351; x_wconf 72' lang='lat' dir='ltr'>Benti</span> <span class='ocrx_word' id='word_1_90' title='bbox 511 2287 566 2350; x_wconf 84' lang='lat' dir='ltr'>Sed</span> <span class='ocrx_word' id='word_1_91' title='bbox 576 2289 653 2370; x_wconf 89' lang='lat' dir='ltr'>quod</span> <span class='ocrx_word' id='word_1_92' title='bbox 663 2310 719 2350; x_wconf 83' lang='lat' dir='ltr'>an-</span> <span class='ocrx_word' id='word_1_93' title='bbox 777 2307 891 2361; x_wconf 86' lang='lat' dir='ltr'>amore;</span> <span class='ocrx_word' id='word_1_94' title='bbox 906 2308 990 2369; x_wconf 90' lang='lat' dir='ltr'>quem</span> <span class='ocrx_word' id='word_1_95' title='bbox 1008 2289 1047 2348; x_wconf 89' lang='lat' dir='ltr'>uti</span> <span class='ocrx_word' id='word_1_96' title='bbox 1059 2285 1115 2369; x_wconf 90' lang='lat' dir='ltr'>ipse</span> <span class='ocrx_word' id='word_1_97' title='bbox 1132 2308 1244 2354; x_wconf 77' lang='lat' dir='ltr'>verum</span> 
     </span>
    </p>
   </div>
   <div class='ocr_carea' id='block_1_6' title="bbox 174 2382 722 3123">
    <p class='ocr_par' dir='ltr' id='par_1_8' title="bbox 174 2382 722 3123">
     <span class='ocr_line' id='line_1_16' title="bbox 174 2382 719 2464; baseline 0 -21"><span class='ocrx_word' id='word_1_98' title='bbox 174 2413 180 2420; x_wconf 93' lang='lat'><strong>·</strong></span> <span class='ocrx_word' id='word_1_99' title='bbox 260 2398 307 2443; x_wconf 85' lang='lat' dir='ltr'>tea</span> <span class='ocrx_word' id='word_1_100' title='bbox 324 2402 374 2464; x_wconf 84' lang='lat' dir='ltr'>per</span> <span class='ocrx_word' id='word_1_101' title='bbox 384 2383 463 2443; x_wconf 84' lang='lat' dir='ltr'>vices</span> <span class='ocrx_word' id='word_1_102' title='bbox 475 2382 580 2443; x_wconf 87' lang='lat' dir='ltr'>obtinet</span> <span class='ocrx_word' id='word_1_103' title='bbox 595 2383 695 2443; x_wconf 77' lang='lat' dir='ltr'>illa-tu</span> <span class='ocrx_word' id='word_1_104' title='bbox 703 2404 719 2457; x_wconf 91' lang='lat'>,·</span> 
     </span>
     <span class='ocr_line' id='line_1_17' title="bbox 262 2473 721 2558; baseline -0.002 -21"><span class='ocrx_word' id='word_1_105' title='bbox 262 2476 385 2546; x_wconf 72' lang='lat' dir='ltr'>haec-ru,</span> <span class='ocrx_word' id='word_1_106' title='bbox 393 2492 466 2534; x_wconf 91' lang='lat' dir='ltr'>nunc</span> <span class='ocrx_word' id='word_1_107' title='bbox 475 2473 523 2534; x_wconf 88' lang='lat' dir='ltr'>ubi</span> <span class='ocrx_word' id='word_1_108' title='bbox 531 2491 646 2558; x_wconf 85' lang='lat' dir='ltr'>utraque</span> <span class='ocrx_word' id='word_1_109' title='bbox 655 2496 721 2557; x_wconf 87' lang='lat' dir='ltr'>per·</span> 
     </span>
     <span class='ocr_line' id='line_1_18' title="bbox 263 2567 718 2649; baseline -0.002 -18"><span class='ocrx_word' id='word_1_110' title='bbox 263 2567 332 2631; x_wconf 84' lang='lat' dir='ltr'>sona</span> <span class='ocrx_word' id='word_1_111' title='bbox 346 2569 373 2626; x_wconf 90' lang='lat' dir='ltr'>in</span> <span class='ocrx_word' id='word_1_112' title='bbox 381 2568 519 2649; x_wconf 80' lang='lat' dir='ltr'>par-pari</span> <span class='ocrx_word' id='word_1_113' title='bbox 534 2572 664 2647; x_wconf 77' lang='lat' dir='ltr'>vertitur,</span> <span class='ocrx_word' id='word_1_114' title='bbox 674 2569 718 2630; x_wconf 87' lang='lat' dir='ltr'>su·</span> 
     </span>
     <span class='ocr_line' id='line_1_19' title="bbox 261 2659 719 2746; baseline -0.007 -23"><span class='ocrx_word' id='word_1_115' title='bbox 261 2680 434 2746; x_wconf 85' lang='lat' dir='ltr'>pervacuum</span> <span class='ocrx_word' id='word_1_116' title='bbox 451 2659 531 2722; x_wconf 83' lang='lat' dir='ltr'>foret.</span> <span class='ocrx_word' id='word_1_117' title='bbox 554 2660 653 2722; x_wconf 84' lang='lat' dir='ltr'>Vanus</span> <span class='ocrx_word' id='word_1_118' title='bbox 669 2681 719 2721; x_wconf 81' lang='lat' dir='ltr'>au-</span> 
     </span>
     <span class='ocr_line' id='line_1_20' title="bbox 261 2754 716 2818; baseline -0.007 -1"><span class='ocrx_word' id='word_1_119' title='bbox 261 2771 322 2818; x_wconf 91' lang='lat' dir='ltr'>tem</span> <span class='ocrx_word' id='word_1_120' title='bbox 332 2754 421 2818; x_wconf 82' lang='lat' dir='ltr'>Bentl.</span> <span class='ocrx_word' id='word_1_121' title='bbox 430 2775 487 2815; x_wconf 89' lang='lat' dir='ltr'>non</span> <span class='ocrx_word' id='word_1_122' title='bbox 494 2756 610 2816; x_wconf 87' lang='lat' dir='ltr'>inveniri</span> <span class='ocrx_word' id='word_1_123' title='bbox 620 2776 716 2817; x_wconf 82' lang='lat' dir='ltr'>exem·</span> 
     </span>
     <span class='ocr_line' id='line_1_21' title="bbox 261 2849 719 2935; baseline 0.004 -23"><span class='ocrx_word' id='word_1_124' title='bbox 261 2852 339 2935; x_wconf 87' lang='lat' dir='ltr'>plum</span> <span class='ocrx_word' id='word_1_125' title='bbox 353 2852 499 2913; x_wconf 85' lang='lat' dir='ltr'>locutionis</span> <span class='ocrx_word' id='word_1_126' title='bbox 514 2849 599 2914; x_wconf 78' lang='lat' dir='ltr'>sumile</span> <span class='ocrx_word' id='word_1_127' title='bbox 615 2851 719 2914; x_wconf 86' lang='lat' dir='ltr'>nostro.</span> 
     </span>
     <span class='ocr_line' id='line_1_22' title="bbox 261 2942 718 3030; baseline 0 -22"><span class='ocrx_word' id='word_1_128' title='bbox 261 2944 355 3008; x_wconf 87' lang='lat' dir='ltr'>Potuit</span> <span class='ocrx_word' id='word_1_129' title='bbox 371 2947 445 3006; x_wconf 87' lang='lat' dir='ltr'>enim</span> <span class='ocrx_word' id='word_1_130' title='bbox 455 2942 533 3028; x_wconf 85' lang='lat' dir='ltr'>plur&#39;n</span> <span class='ocrx_word' id='word_1_131' title='bbox 548 2949 664 3029; x_wconf 86' lang='lat' dir='ltr'>reperire</span> <span class='ocrx_word' id='word_1_132' title='bbox 674 2968 718 3030; x_wconf 85' lang='lat' dir='ltr'>ap.</span> 
     </span>
     <span class='ocr_line' id='line_1_23' title="bbox 261 3036 722 3123; baseline 0.002 -22"><span class='ocrx_word' id='word_1_133' title='bbox 261 3036 354 3101; x_wconf 67' lang='lat' dir='ltr'>Sana.</span> <span class='ocrx_word' id='word_1_134' title='bbox 368 3037 387 3100; x_wconf 83' lang='lat' dir='ltr'>L</span> <span class='ocrx_word' id='word_1_135' title='bbox 401 3060 426 3100; x_wconf 85' lang='lat' dir='ltr'>c.</span> <span class='ocrx_word' id='word_1_136' title='bbox 445 3060 461 3101; x_wconf 93' lang='lat' dir='ltr'>e</span> <span class='ocrx_word' id='word_1_137' title='bbox 482 3041 580 3123; x_wconf 88' lang='lat' dir='ltr'>quibus</span> <span class='ocrx_word' id='word_1_138' title='bbox 595 3041 722 3102; x_wconf 86' lang='lat' dir='ltr'>ultimum</span> 
     </span>
    </p>
   </div>
   <div class='ocr_carea' id='block_1_7' title="bbox 777 2378 1247 2556">
    <p class='ocr_par' dir='ltr' id='par_1_9' title="bbox 777 2378 1247 2556">
     <span class='ocr_line' id='line_1_24' title="bbox 777 2378 1247 2453; baseline 0.006 -13"><span class='ocrx_word' id='word_1_139' title='bbox 777 2402 836 2441; x_wconf 88' lang='lat' dir='ltr'>non</span> <span class='ocrx_word' id='word_1_140' title='bbox 862 2381 966 2453; x_wconf 76' lang='lat' dir='ltr'>habet,</span> <span class='ocrx_word' id='word_1_141' title='bbox 993 2383 1032 2442; x_wconf 86' lang='lat' dir='ltr'>ita</span> <span class='ocrx_word' id='word_1_142' title='bbox 1064 2398 1116 2443; x_wconf 84' lang='lat' dir='ltr'>nec</span> <span class='ocrx_word' id='word_1_143' title='bbox 1145 2378 1247 2444; x_wconf 65' lang='lat' dir='ltr'>Thei-</span> 
     </span>
     <span class='ocr_line' id='line_1_25' title="bbox 779 2469 1247 2556; baseline -0.009 -24"><span class='ocrx_word' id='word_1_144' title='bbox 779 2472 845 2534; x_wconf 78' lang='lat' dir='ltr'>dem</span> <span class='ocrx_word' id='word_1_145' title='bbox 861 2473 962 2533; x_wconf 74' lang='lat' dir='ltr'>habere</span> <span class='ocrx_word' id='word_1_146' title='bbox 980 2469 1079 2534; x_wconf 87' lang='lat' dir='ltr'>studuit</span> <span class='ocrx_word' id='word_1_147' title='bbox 1091 2471 1141 2532; x_wconf 81' lang='lat' dir='ltr'>nisi</span> <span class='ocrx_word' id='word_1_148' title='bbox 1155 2494 1247 2556; x_wconf 74' lang='lat' dir='ltr'>prae.</span> 
     </span>
    </p>
   </div>
   <div class='ocr_carea' id='block_1_8' title="bbox 777 2566 1247 3124">
    <p class='ocr_par' dir='ltr' id='par_1_10' title="bbox 777 2566 1247 3005">
     <span class='ocr_line' id='line_1_26' title="bbox 778 2566 1244 2638; baseline 0.024 -13"><span class='ocrx_word' id='word_1_149' title='bbox 778 2569 841 2629; x_wconf 85' lang='lat' dir='ltr'>miis</span> <span class='ocrx_word' id='word_1_150' title='bbox 855 2567 980 2628; x_wconf 77' lang='lat' dir='ltr'>illedtam.</span> <span class='ocrx_word' id='word_1_151' title='bbox 1003 2567 1087 2628; x_wconf 83' lang='lat' dir='ltr'>Sedis</span> <span class='ocrx_word' id='word_1_152' title='bbox 1097 2566 1187 2631; x_wconf 79' lang='lat' dir='ltr'>statim</span> <span class='ocrx_word' id='word_1_153' title='bbox 1200 2573 1244 2638; x_wconf 77' lang='lat' dir='ltr'>ad</span> 
     </span>
     <span class='ocr_line' id='line_1_27' title="bbox 779 2657 1247 2743; baseline 0.006 -20"><span class='ocrx_word' id='word_1_154' title='bbox 779 2659 807 2723; x_wconf 82' lang='lat' dir='ltr'>se</span> <span class='ocrx_word' id='word_1_155' title='bbox 823 2659 929 2722; x_wconf 84' lang='lat' dir='ltr'>rediens</span> <span class='ocrx_word' id='word_1_156' title='bbox 944 2657 993 2720; x_wconf 67' lang='lat' dir='ltr'>sibi</span> <span class='ocrx_word' id='word_1_157' title='bbox 1008 2659 1161 2742; x_wconf 74' lang='lat' dir='ltr'>persuaderi</span> <span class='ocrx_word' id='word_1_158' title='bbox 1170 2668 1247 2743; x_wconf 78' lang='lat' dir='ltr'>pati.</span> 
     </span>
     <span class='ocr_line' id='line_1_28' title="bbox 777 2753 1244 2835; baseline 0.011 -20"><span class='ocrx_word' id='word_1_159' title='bbox 777 2771 840 2829; x_wconf 82' lang='lat' dir='ltr'>tue,</span> <span class='ocrx_word' id='word_1_160' title='bbox 855 2770 988 2834; x_wconf 79' lang='lat' dir='ltr'>tanquam</span> <span class='ocrx_word' id='word_1_161' title='bbox 1008 2753 1244 2835; x_wconf 79' lang='lat' dir='ltr'>amaripoffitob</span> 
     </span>
     <span class='ocr_line' id='line_1_29' title="bbox 779 2850 1246 2933; baseline 0.009 -23"><span class='ocrx_word' id='word_1_162' title='bbox 779 2850 914 2925; x_wconf 71' lang='lat' dir='ltr'>studium,</span> <span class='ocrx_word' id='word_1_163' title='bbox 936 2870 1020 2931; x_wconf 86' lang='lat' dir='ltr'>quem</span> <span class='ocrx_word' id='word_1_164' title='bbox 1040 2851 1128 2933; x_wconf 84' lang='lat' dir='ltr'>capiat</span> <span class='ocrx_word' id='word_1_165' title='bbox 1147 2853 1184 2913; x_wconf 82' lang='lat' dir='ltr'>ab</span> <span class='ocrx_word' id='word_1_166' title='bbox 1203 2875 1246 2919; x_wconf 81' lang='lat' dir='ltr'>eo</span> 
     </span>
     <span class='ocr_line' id='line_1_30' title="bbox 781 2943 880 3005; baseline -0.01 0"><span class='ocrx_word' id='word_1_167' title='bbox 781 2943 880 3005; x_wconf 57' lang='lat' dir='ltr'>Thais</span> 
     </span>
    </p>

    <p class='ocr_par' dir='ltr' id='par_1_11' title="bbox 825 3034 1247 3124">
     <span class='ocr_line' id='line_1_31' title="bbox 825 3034 1247 3124; baseline 0.012 -24"><span class='ocrx_word' id='word_1_168' title='bbox 825 3059 842 3100; x_wconf 85' lang='lat'>2</span> <span class='ocrx_word' id='word_1_169' title='bbox 870 3035 915 3098; x_wconf 88' lang='lat' dir='ltr'>Sic</span> <span class='ocrx_word' id='word_1_170' title='bbox 938 3034 1029 3119; x_wconf 83' lang='lat' dir='ltr'>plures</span> <span class='ocrx_word' id='word_1_171' title='bbox 1052 3037 1137 3100; x_wconf 81' lang='lat' dir='ltr'><strong>MSS.</strong></span> <span class='ocrx_word' id='word_1_172' title='bbox 1159 3044 1247 3124; x_wconf 81' lang='lat' dir='ltr'>quod</span> 
     </span>
    </p>
   </div>
   <div class='ocr_carea' id='block_1_9' title="bbox 229 3133 1310 4442">
    <p class='ocr_par' dir='ltr' id='par_1_12' title="bbox 229 3133 1310 4442">
     <span class='ocr_line' id='line_1_32' title="bbox 261 3133 1245 3220; baseline -0.004 -22"><span class='ocrx_word' id='word_1_173' title='bbox 261 3136 410 3202; x_wconf 76' lang='lat' dir='ltr'>subdimus,</span> <span class='ocrx_word' id='word_1_174' title='bbox 441 3137 534 3220; x_wconf 87' lang='lat' dir='ltr'>Quod</span> <span class='ocrx_word' id='word_1_175' title='bbox 568 3137 639 3200; x_wconf 87' lang='lat' dir='ltr'>Hor.</span> <span class='ocrx_word' id='word_1_176' title='bbox 669 3154 721 3201; x_wconf 85' lang='lat' dir='ltr'>art.</span> <span class='ocrx_word' id='word_1_177' title='bbox 780 3133 970 3215; x_wconf 80' lang='lat' dir='ltr'>meliusquam</span> <span class='ocrx_word' id='word_1_178' title='bbox 986 3134 1063 3218; x_wconf 85' lang='lat' dir='ltr'>vulg.</span> <span class='ocrx_word' id='word_1_179' title='bbox 1075 3136 1186 3210; x_wconf 79' lang='lat' dir='ltr'>meruit,</span> <span class='ocrx_word' id='word_1_180' title='bbox 1204 3140 1245 3205; x_wconf 76' lang='grc' dir='ltr'>δι</span> 
     </span>
     <span class='ocr_line' id='line_1_33' title="bbox 261 3225 1248 3316; baseline -0.001 -23"><span class='ocrx_word' id='word_1_181' title='bbox 261 3247 336 3316; x_wconf 78' lang='lat' dir='ltr'>poet.</span> <span class='ocrx_word' id='word_1_182' title='bbox 362 3243 492 3315; x_wconf 75' lang='lat' dir='ltr'>v.&#39;133.</span> <span class='ocrx_word' id='word_1_183' title='bbox 523 3232 625 3290; x_wconf 81' lang='lat' dir='ltr'>reddere</span> <span class='ocrx_word' id='word_1_184' title='bbox 655 3252 719 3290; x_wconf 83' lang='lat' dir='ltr'>uer·</span> <span class='ocrx_word' id='word_1_185' title='bbox 779 3227 855 3308; x_wconf 89' lang='lat' dir='ltr'>quod</span> <span class='ocrx_word' id='word_1_186' title='bbox 864 3225 927 3287; x_wconf 86' lang='lat' dir='ltr'>edd.</span> <span class='ocrx_word' id='word_1_187' title='bbox 936 3243 1004 3287; x_wconf 86' lang='lat' dir='ltr'>vett.</span> <span class='ocrx_word' id='word_1_188' title='bbox 1016 3227 1121 3287; x_wconf 82' lang='lat' dir='ltr'>habent</span> <span class='ocrx_word' id='word_1_189' title='bbox 1131 3246 1248 3297; x_wconf 82' lang='lat' dir='ltr'>metuat.</span> 
     </span>
     <span class='ocr_line' id='line_1_34' title="bbox 262 3317 1244 3404; baseline 0 -20"><span class='ocrx_word' id='word_1_190' title='bbox 262 3326 322 3385; x_wconf 77' lang='lat' dir='ltr'>deun</span> <span class='ocrx_word' id='word_1_191' title='bbox 339 3328 438 3402; x_wconf 76' lang='lat' dir='ltr'>uerbo,</span> <span class='ocrx_word' id='word_1_192' title='bbox 463 3325 493 3385; x_wconf 88' lang='lat' dir='ltr'>id</span> <span class='ocrx_word' id='word_1_193' title='bbox 518 3322 580 3387; x_wconf 85' lang='lat' dir='ltr'>Cic.</span> <span class='ocrx_word' id='word_1_194' title='bbox 603 3323 638 3384; x_wconf 91' lang='lat' dir='ltr'>de</span> <span class='ocrx_word' id='word_1_195' title='bbox 658 3339 719 3404; x_wconf 84' lang='lat' dir='ltr'>opt.</span> <span class='ocrx_word' id='word_1_196' title='bbox 780 3317 917 3380; x_wconf 88' lang='lat' dir='ltr'>Nostrum</span> <span class='ocrx_word' id='word_1_197' title='bbox 927 3321 984 3381; x_wconf 83' lang='lat' dir='ltr'>iam</span> <span class='ocrx_word' id='word_1_198' title='bbox 995 3319 1102 3382; x_wconf 83' lang='lat' dir='ltr'>edidere</span> <span class='ocrx_word' id='word_1_199' title='bbox 1114 3318 1244 3399; x_wconf 80' lang='lat' dir='ltr'>Fabrini,</span> 
     </span>
     <span class='ocr_line' id='line_1_35' title="bbox 262 3411 1230 3499; baseline -0.001 -23"><span class='ocrx_word' id='word_1_200' title='bbox 262 3416 394 3499; x_wconf 77' lang='lat' dir='ltr'>genoe.</span> <span class='ocrx_word' id='word_1_201' title='bbox 407 3438 445 3493; x_wconf 84' lang='lat'>¹4</span> <span class='ocrx_word' id='word_1_202' title='bbox 460 3419 564 3478; x_wconf 76' lang='lat' dir='ltr'>uerbum</span> <span class='ocrx_word' id='word_1_203' title='bbox 575 3439 626 3498; x_wconf 82' lang='lat' dir='ltr'>pro</span> <span class='ocrx_word' id='word_1_204' title='bbox 641 3416 720 3473; x_wconf 80' lang='lat' dir='ltr'>verbo</span> <span class='ocrx_word' id='word_1_205' title='bbox 781 3411 900 3493; x_wconf 78' lang='lat' dir='ltr'>aliique3</span> <span class='ocrx_word' id='word_1_206' title='bbox 914 3434 967 3473; x_wconf 86' lang='lat' dir='ltr'>nec</span> <span class='ocrx_word' id='word_1_207' title='bbox 985 3414 1124 3495; x_wconf 87' lang='lat' dir='ltr'>improbat</span> <span class='ocrx_word' id='word_1_208' title='bbox 1137 3413 1230 3481; x_wconf 87' lang='lat' dir='ltr'>Bentl.</span> 
     </span>
     <span class='ocr_line' id='line_1_36' title="bbox 262 3506 1310 3594; baseline 0.001 -24"><span class='ocrx_word' id='word_1_209' title='bbox 262 3512 364 3570; x_wconf 77' lang='lat' dir='ltr'>reddere</span> <span class='ocrx_word' id='word_1_210' title='bbox 375 3512 481 3592; x_wconf 84' lang='lat' dir='ltr'>plenius</span> <span class='ocrx_word' id='word_1_211' title='bbox 491 3513 577 3587; x_wconf 78' lang='lat' dir='ltr'>dixit3</span> <span class='ocrx_word' id='word_1_212' title='bbox 593 3512 665 3574; x_wconf 89' lang='lat' dir='ltr'>unde</span> <span class='ocrx_word' id='word_1_213' title='bbox 679 3511 720 3572; x_wconf 89' lang='lat' dir='ltr'>el·</span> <span class='ocrx_word' id='word_1_214' title='bbox 815 3506 930 3589; x_wconf 80' lang='lat' dir='ltr'>3Quod</span> <span class='ocrx_word' id='word_1_215' title='bbox 939 3531 989 3590; x_wconf 86' lang='lat' dir='ltr'>pro</span> <span class='ocrx_word' id='word_1_216' title='bbox 1000 3509 1100 3571; x_wconf 86' lang='lat' dir='ltr'>sedicit</span> <span class='ocrx_word' id='word_1_217' title='bbox 1109 3509 1179 3594; x_wconf 82' lang='lat' dir='ltr'>glor.</span> <span class='ocrx_word' id='word_1_218' title='bbox 1191 3510 1248 3579; x_wconf 77' lang='lat' dir='ltr'>sed</span> <span class='ocrx_word' id='word_1_219' title='bbox 1298 3572 1310 3583; x_wconf 79' lang='grc'><em>,</em></span> 
     </span>
     <span class='ocr_line' id='line_1_37' title="bbox 263 3601 1245 3688; baseline 0.006 -24"><span class='ocrx_word' id='word_1_220' title='bbox 263 3601 338 3683; x_wconf 75' lang='lat' dir='ltr'>lipsts</span> <span class='ocrx_word' id='word_1_221' title='bbox 349 3603 377 3661; x_wconf 89' lang='lat' dir='ltr'>in</span> <span class='ocrx_word' id='word_1_222' title='bbox 393 3607 475 3683; x_wconf 83' lang='lat' dir='ltr'>priori</span> <span class='ocrx_word' id='word_1_223' title='bbox 485 3604 637 3680; x_wconf 89' lang='lat' dir='ltr'>locutione,</span> <span class='ocrx_word' id='word_1_224' title='bbox 648 3626 720 3688; x_wconf 79' lang='lat' dir='ltr'>quae</span> <span class='ocrx_word' id='word_1_225' title='bbox 779 3618 872 3664; x_wconf 86' lang='lat' dir='ltr'>mente</span> <span class='ocrx_word' id='word_1_226' title='bbox 884 3624 988 3665; x_wconf 84' lang='lat' dir='ltr'>vacuus</span> <span class='ocrx_word' id='word_1_227' title='bbox 1000 3605 1100 3679; x_wconf 81' lang='lat' dir='ltr'>miles,</span> <span class='ocrx_word' id='word_1_228' title='bbox 1118 3604 1148 3666; x_wconf 87' lang='lat' dir='ltr'>id</span> <span class='ocrx_word' id='word_1_229' title='bbox 1163 3622 1245 3672; x_wconf 82' lang='lat' dir='ltr'>certe</span> 
     </span>
     <span class='ocr_line' id='line_1_38' title="bbox 263 3693 940 3784; baseline 0.01 -27"><span class='ocrx_word' id='word_1_230' title='bbox 263 3693 299 3757; x_wconf 69' lang='grc' dir='ltr'><strong>ἃ</strong></span> <span class='ocrx_word' id='word_1_231' title='bbox 315 3693 452 3773; x_wconf 78' lang='lat' dir='ltr'>ufitatior,</span> <span class='ocrx_word' id='word_1_232' title='bbox 473 3699 616 3764; x_wconf 75' lang='lat' dir='ltr'>clen&#39;ffime</span> <span class='ocrx_word' id='word_1_233' title='bbox 637 3717 721 3784; x_wconf 82' lang='lat' dir='ltr'>patet.</span> <span class='ocrx_word' id='word_1_234' title='bbox 782 3720 850 3763; x_wconf 77' lang='lat' dir='ltr'>vere</span> <span class='ocrx_word' id='word_1_235' title='bbox 866 3699 940 3764; x_wconf 86' lang='lat' dir='ltr'>dicit.</span> 
     </span>
     <span class='ocr_line' id='line_1_39' title="bbox 264 3789 1245 3874; baseline 0.009 -21"><span class='ocrx_word' id='word_1_236' title='bbox 264 3789 318 3853; x_wconf 90' lang='lat' dir='ltr'>Uti</span> <span class='ocrx_word' id='word_1_237' title='bbox 329 3809 422 3854; x_wconf 85' lang='lat' dir='ltr'>autem</span> <span class='ocrx_word' id='word_1_238' title='bbox 436 3793 545 3867; x_wconf 82' lang='lat' dir='ltr'>Manut.</span> <span class='ocrx_word' id='word_1_239' title='bbox 554 3796 676 3859; x_wconf 80' lang='lat' dir='ltr'>nostrum</span> <span class='ocrx_word' id='word_1_240' title='bbox 686 3797 724 3859; x_wconf 80' lang='lat' dir='ltr'>ad</span> <span class='ocrx_word' id='word_1_241' title='bbox 824 3799 883 3874; x_wconf 76' lang='lat'>4¹¹·</span> <span class='ocrx_word' id='word_1_242' title='bbox 893 3820 921 3860; x_wconf 87' lang='lat' dir='ltr'>e.</span> <span class='ocrx_word' id='word_1_243' title='bbox 934 3819 976 3860; x_wconf 78' lang='lat' dir='ltr'>res</span> <span class='ocrx_word' id='word_1_244' title='bbox 986 3797 1097 3859; x_wconf 78' lang='lat' dir='ltr'>ridicula</span> <span class='ocrx_word' id='word_1_245' title='bbox 1111 3795 1200 3873; x_wconf 84' lang='lat' dir='ltr'>foret,</span> <span class='ocrx_word' id='word_1_246' title='bbox 1210 3799 1245 3863; x_wconf 88' lang='lat' dir='ltr'>id</span> 
     </span>
     <span class='ocr_line' id='line_1_40' title="bbox 262 3889 1247 3972; baseline 0.009 -25"><span class='ocrx_word' id='word_1_247' title='bbox 262 3907 357 3972; x_wconf 84' lang='lat' dir='ltr'>graec.</span> <span class='ocrx_word' id='word_1_248' title='bbox 381 3894 537 3950; x_wconf 72' lang='lat' dir='ltr'>attinetur</span> <span class='ocrx_word' id='word_1_249' title='bbox 558 3909 721 3972; x_wconf 83' lang='lat' dir='ltr'>comparat,</span> <span class='ocrx_word' id='word_1_250' title='bbox 781 3891 809 3951; x_wconf 90' lang='lat' dir='ltr'>in</span> <span class='ocrx_word' id='word_1_251' title='bbox 829 3910 950 3954; x_wconf 89' lang='lat' dir='ltr'>mentem</span> <span class='ocrx_word' id='word_1_252' title='bbox 965 3894 1080 3965; x_wconf 81' lang='lat' dir='ltr'>venire,</span> <span class='ocrx_word' id='word_1_253' title='bbox 1094 3889 1247 3972; x_wconf 82' lang='lat' dir='ltr'>quodnom</span> 
     </span>
     <span class='ocr_line' id='line_1_41' title="bbox 263 3976 1248 4067; baseline 0.007 -26"><span class='ocrx_word' id='word_1_254' title='bbox 263 3980 302 4041; x_wconf 81' lang='lat' dir='ltr'>itu</span> <span class='ocrx_word' id='word_1_255' title='bbox 314 3980 426 4062; x_wconf 86' lang='lat' dir='ltr'>propius</span> <span class='ocrx_word' id='word_1_256' title='bbox 443 3980 496 4040; x_wconf 89' lang='lat' dir='ltr'>huc</span> <span class='ocrx_word' id='word_1_257' title='bbox 509 3976 573 4040; x_wconf 82' lang='lat' dir='ltr'>facit</span> <span class='ocrx_word' id='word_1_258' title='bbox 584 3991 724 4063; x_wconf 70' lang='grc' dir='ltr'>ανΊαμει-</span> <span class='ocrx_word' id='word_1_259' title='bbox 785 3985 956 4067; x_wconf 83' lang='lat' dir='ltr'>cogitaveris.</span> <span class='ocrx_word' id='word_1_260' title='bbox 981 3983 1017 4045; x_wconf 82' lang='lat' dir='ltr'>Et</span> <span class='ocrx_word' id='word_1_261' title='bbox 1031 3984 1087 4066; x_wconf 87' lang='lat' dir='ltr'>ipso</span> <span class='ocrx_word' id='word_1_262' title='bbox 1101 3984 1156 4044; x_wconf 77' lang='lat' dir='ltr'>hoc</span> <span class='ocrx_word' id='word_1_263' title='bbox 1173 3984 1248 4048; x_wconf 85' lang='lat' dir='ltr'>tidi-</span> 
     </span>
     <span class='ocr_line' id='line_1_42' title="bbox 263 4074 1247 4164; baseline 0.006 -27"><span class='ocrx_word' id='word_1_264' title='bbox 263 4077 390 4148; x_wconf 58' lang='lat' dir='ltr'>deebet,</span> <span class='ocrx_word' id='word_1_265' title='bbox 413 4074 517 4137; x_wconf 78' lang='lat' dir='ltr'>titud</span> <span class='ocrx_word' id='word_1_266' title='bbox 542 4075 727 4162; x_wconf 82' lang='lat' dir='ltr'>Hermogenis</span> <span class='ocrx_word' id='word_1_267' title='bbox 785 4079 850 4140; x_wconf 82' lang='lat' dir='ltr'>culo</span> <span class='ocrx_word' id='word_1_268' title='bbox 872 4080 905 4143; x_wconf 85' lang='lat'>&amp;</span> <span class='ocrx_word' id='word_1_269' title='bbox 926 4082 1038 4142; x_wconf 87' lang='lat' dir='ltr'>inaniter</span> <span class='ocrx_word' id='word_1_270' title='bbox 1065 4080 1158 4154; x_wconf 68' lang='lat' dir='ltr'>dieto,</span> <span class='ocrx_word' id='word_1_271' title='bbox 1182 4101 1247 4164; x_wconf 89' lang='lat' dir='ltr'>quo</span> 
     </span>
     <span class='ocr_line' id='line_1_43' title="bbox 267 4161 1248 4252; baseline 0.011 -23"><span class='ocrx_word' id='word_1_272' title='bbox 267 4170 399 4250; x_wconf 73' lang='grc' dir='ltr'>ιμιιβειν</span> <span class='ocrx_word' id='word_1_273' title='bbox 415 4194 505 4252; x_wconf 67' lang='grc' dir='ltr'><strong><em>ονομα</em></strong></span> <span class='ocrx_word' id='word_1_274' title='bbox 520 4161 729 4251; x_wconf 60' lang='lat' dir='ltr'>deteriorati,</span> <span class='ocrx_word' id='word_1_275' title='bbox 789 4171 894 4232; x_wconf 77' lang='lat' dir='ltr'>frumur</span> <span class='ocrx_word' id='word_1_276' title='bbox 920 4174 1014 4249; x_wconf 84' lang='lat' dir='ltr'>miles,</span> <span class='ocrx_word' id='word_1_277' title='bbox 1039 4174 1121 4236; x_wconf 85' lang='lat' dir='ltr'>risum</span> <span class='ocrx_word' id='word_1_278' title='bbox 1142 4194 1248 4240; x_wconf 85' lang='lat' dir='ltr'>movet</span> 
     </span>
     <span class='ocr_line' id='line_1_44' title="bbox 229 4260 1249 4355; baseline 0.009 -34"><span class='ocrx_word' id='word_1_279' title='bbox 229 4285 232 4291; x_wconf 61' lang='lat'><strong><em>¹</em></strong></span> <span class='ocrx_word' id='word_1_280' title='bbox 270 4279 338 4321; x_wconf 79' lang='lat' dir='ltr'>eum</span> <span class='ocrx_word' id='word_1_281' title='bbox 354 4260 659 4351; x_wconf 73' lang='lat' dir='ltr'>&amp;aliusdicaturteutr</span> <span class='ocrx_word' id='word_1_282' title='bbox 678 4288 732 4330; x_wconf 73' lang='lat' dir='ltr'>eru</span> <span class='ocrx_word' id='word_1_283' title='bbox 791 4263 994 4345; x_wconf 72' lang='lat' dir='ltr'>speetatortbus.</span> <span class='ocrx_word' id='word_1_284' title='bbox 1005 4265 1042 4334; x_wconf 78' lang='lat' dir='ltr'>eft</span> <span class='ocrx_word' id='word_1_285' title='bbox 1052 4266 1172 4351; x_wconf 80' lang='lat' dir='ltr'>Adelph.</span> <span class='ocrx_word' id='word_1_286' title='bbox 1187 4265 1249 4355; x_wconf 69' lang='lat' dir='ltr'><strong>IV,f</strong></span> 
     </span>
     <span class='ocr_line' id='line_1_45' title="bbox 274 4353 892 4442; baseline 0.013 -27"><span class='ocrx_word' id='word_1_287' title='bbox 274 4353 462 4436; x_wconf 57' lang='lat' dir='ltr'>quadradas.</span> <span class='ocrx_word' id='word_1_288' title='bbox 796 4375 811 4442; x_wconf 86' lang='lat'>5</span> <span class='ocrx_word' id='word_1_289' title='bbox 822 4377 892 4436; x_wconf 73' lang='lat'>³4²·</span> 
     </span>
    </p>
   </div>
   <div class='ocr_carea' id='block_1_10' title="bbox 0 0 1423 5234">
    <p class='ocr_par' dir='ltr' id='par_1_13' title="bbox 0 0 1423 5234">
     <span class='ocr_line' id='line_1_46' title="bbox 0 0 1423 5234; baseline 0 0"><span class='ocrx_word' id='word_1_290' title='bbox 0 0 1423 5234; x_wconf 95' lang='lat' dir='ltr'> </span> 
     </span>
    </p>
   </div>
  </div>
 </body>
</html>
