2809 5234
1124 336 1129 347 r

187 888 303 989 gyro
377 841 380 847 ’
491 814 978 948 ΗΕΚΝ-’τη

251 1040 366 1126 lreta',
385 1059 490 1135 quam
510 1037 593 1127 illa,
612 1058 701 1133 quae
717 1050 874 1130 parentes
896 1031 1055 1131 propitii:

251 1160 376 1250 Uxor,
395 1159 419 1232 st
440 1160 572 1250 cesses,
592 1176 651 1231 aut
680 1175 716 1229 te
744 1182 858 1230 amare
886 1157 1042 1254 cogitat,

251 1285 324 1357 Aut
348 1301 420 1356 tete
440 1284 566 1371 amari,
587 1298 692 1378 atque
714 1298 865 1375 potare,
891 1297 996 1379 atque
1017 1276 1134 1352 animo
1156 1275 1232 1350 ob·-

448 1406 569 1501 sequi,

253 1540 298 1610 Et
315 1536 378 1609 tibi
403 1534 492 1603 bene
518 1529 585 1601 esse
616 1526 710 1618 soli,
730 1553 810 1602 curn
831 1530 892 1607 fibi
912 1531 952 1605 srt
975 1531 1075 1603 maie.

252 1665 347 1755 Ego,
372 1654 452 1750 quia
479 1675 553 1722 non
583 1652 686 1724 rediit
712 1651 826 1742 filius,
849 1679 938 1749 quae
965 1652 1114 1752 cogito!
1180 1679 1224 1727 ιο
1311 1657 1315 1686 ’

253 1774 396 1872 Quibu’
412 1797 505 1847 nunc
520 1772 692 1848 sollicitor
715 1774 837 1847 rebus!
861 1799 904 1844 ne
925 1795 985 1847 aut
1006 1777 1064 1848 ille
1084 1774 1223 1868 asserit,

251 1899 323 1966 Aut
352 1889 486 1988 uspiam
509 1892 700 1983 ceciderit,
717 1911 777 1965 aut
793 1890 1017 1988 praefregerit

251 2013 406 2113 Aliquid.
436 2015 534 2104 vah,
559 2036 815 2113 quemquamne
841 2010 1022 2083 hominem
1042 2010 1078 2080 in
1101 2010 1220 2085 animo

403 2191 406 2202 r
451 2138 628 2212 instituere
648 2153 690 2228 ¹,
711 2155 774 2210 aut

253 2265 400 2356 Parare,
425 2263 523 2362 quod
542 2260 583 2334 sit
607 2261 722 2346 curiun¹
733 2314 744 2352 ,
765 2285 877 2359 quam¹
894 2258 964 2358 ipse
985 2257 1032 2332 est
1053 2258 1135 2332 fibi!

253 2395 371 2489 Atque
400 2415 443 2462 ex
465 2414 521 2461 me
542 2389 599 2463 hic
619 2407 720 2462 natus
747 2415 819 2463 non
843 2387 912 2481 est,
929 2386 987 2463 sed
1007 2413 1050 2462 ex
1065 2388 1168 2460 fratre
1186 2405 1212 2461 ².

452 2510 479 2584 is
497 2512 594 2586 adeo,
1178 2534 1218 2612 ις

253 2631 414 2705 Dissimili
437 2631 551 2705 studio
575 2633 625 2706 est
644 2635 713 2708 iam
730 2635 811 2710 inde
829 2636 872 2708 ab
895 2636 1137 2711 adolescentia.

253 2758 328 2857 Ego
344 2758 431 2830 hanc
449 2757 655 2830 clementem
669 2759 780 2832 vitam
794 2759 979 2847 urbanam,
991 2781 1095 2857 atque
1107 2760 1221 2839 otium

205 2944 213 2958 .,
252 2862 396 2949 Secutus
415 2876 512 2951 sum:
536 2898 594 2968 et,
615 2882 713 2977 quod
731 2878 946 2953 fortunatum
967 2877 1020 2950 isti
1043 2898 1165 2975 putant
1186 2899 1219 2968 ³,

253 3003 410 3074 Uxorem
428 3027 604 3099 nunquam
623 3003 738 3075 habui.
759 3002 817 3072 ille
837 3021 960 3074 contra
974 3001 1060 3074 haec
1081 3002 1218 3074 omnia:

254 3123 343 3195 Ruri
362 3148 463 3221 agere
484 3122 617 3220 semper
634 3123 885 3219 vitam,parce
905 3147 945 3195 ac
966 3123 1099 3197 duriter
1173 3147 1222 3196 20

297 3428 311 3470 ι
335 3406 422 3486 Quasi
445 3404 606 3478 infitivum3
629 3422 695 3463 me·
779 3419 855 3462 cunt.
886 3401 1070 3468 Menander:
1090 3414 1114 3460 Ω
1128 3429 1221 3477 μω-

255 3512 332 3590 taph.
348 3513 382 3570 ab
401 3510 547 3571 arboribus
561 3505 672 3589 sumpta
679 3553 693 3582 .,
776 3533 827 3588 (σοι
838 3531 891 3581 με,
911 3532 1042 3577 ,puram
1060 3533 1076 3568 u
1093 3522 1222 3581 λαμβανυ
1260 3499 1267 3510 i

254 3629 282 3681 dl
306 3621 458 3700 adoptioni
479 3617 626 3700 aptissima.
777 3626 805 3677 &
831 3629 916 3679 Ome
937 3641 1069 3691 γειομυος
1093 3629 1219 3686 ,iconem

297 3748 312 3783 2
329 3725 390 3784 lain
405 3730 512 3806 aperiet
529 3746 640 3808 partem
651 3747 695 3785 at·
782 3722 827 3798 ζηι
843 3721 932 3798 adnue,
945 3735 1042 3803 Erigor
1056 3749 1222 3799 γαμουιτυν,

234 3845 235 3848 ’
254 3829 403 3911 gumenri,
423 3828 613 3888 describendis
625 3849 693 3887 mo-
777 3828 849 3889 adae
860 3830 1002 3901 απιχισθο
1013 3853 1115 3903 quum.
1123 3826 1165 3888 Ex
1175 3827 1221 3888 his

253 3934 332 3996 ribus
353 3932 446 3993 fratris
471 3933 600 4016 suisque,
620 3945 647 3996 δι
665 3934 696 3995 fi-
778 3935 852 3996 locis
867 3936 939 3996 bene
955 3957 1065 4020 pugnat
1087 3936 1221 3997 Dacierie

252 4041 362 4104 liorum
381 4037 503 4098 divetis.
778 4060 880 4101 contra
898 4040 966 4101 illos
981 4085 989 4112 ‚
1003 4042 1052 4122 qui
1069 4060 1220 4122 putantne,

297 4169 311 4225 3
335 4143 403 4207 Scis.
425 4143 476 4227 qui
497 4137 633 4203 urbanam
653 4135 698 4203 vi-‘
777 4147 803 4205 70
822 4144 863 4223 isti
879 4142 978 4200 referri
998 4143 1034 4202 ad
1054 4164 1122 4217 eos,
1139 4148 1188 4228 qui
1205 4167 1222 4204 a

253 4274 314 4315 tam
327 4253 498 4336 sequuntur,
510 4252 647 4321 coelibem,
664 4268 694 4309 ut
777 4245 908 4306 Micione
928 4239 1106 4320 dissentiant,
1125 4251 1167 4307 uti
1185 4247 1221 4307 stc

253 4352 293 4412 ait
313 4353 393 4415 Don.
415 4351 491 4437 quasi
513 4351 628 4420 coelitem
645 4349 693 4417 di-
778 4341 953 4411 fortunarum
972 4347 1221 4429 putetur,habce=
