2809 5234
148 806 162 833 ‘
268 792 339 868 226

766 488 769 493 ¹
778 487 786 498 x

1176 571 1183 583 η

530 792 571 863 Ρ.
617 789 1011 865 TERENTII

265 958 351 1049 Quo
367 951 468 1050 pasto
480 949 516 1024 id
525 951 670 1048 potuit?
690 960 724 1024 c.
741 956 814 1025 nori
825 948 902 1026 satis
915 968 1012 1027 tutus
1030 949 1135 1028 estad
1151 962 1243 1029 nar-⁴

461 1106 606 1178 randum
621 1106 677 1179 hic
694 1106 806 1179 locus.

263 1259 318 1333 D.
333 1260 380 1330 At
392 1274 433 1330 tu
444 1254 537 1328 intro
558 1274 566 1304 ¹
586 1253 653 1326 abi.
667 1257 708 1326 C.
721 1253 830 1338 heus,
853 1278 897 1327 ne
911 1251 974 1327 filii
997 1254 1140 1356 quidem
1164 1283 1241 1330 no·

465 1394 524 1467 stri
543 1392 613 1467 hoc
637 1390 838 1484 resciscant,
863 1394 952 1469 volo
969 1415 997 1469 ².
1186 1419 1238 1498 ²5

410 1638 642 1710 news,
693 1639 736 1709 V.
773 1636 1004 1707 SCENA
1056 1641 1134 1714 Vt,

577 1846 938 1920 ANTlPHO

266 1953 447 2130 LAetu'
470 2039 567 2132 sum,
586 2062 627 2117 ut
648 2068 745 2117 meae
764 2069 818 2119 res
844 2041 914 2117 sese
932 2041 1059 2118 habent
1076 2064 1092 2109 4
1103 2098 1115 2136 ,
1131 2045 1234 2124 fratri
1278 1988 1281 1995 ·

464 2192 622 2290 obtigisse
640 2194 738 2290 quod
756 2194 850 2269 volt.

264 2337 381 2432 Quam
401 2333 523 2410 scitum
542 2352 552 2396 5
574 2331 645 2424 est,
665 2333 971 2434 eiu'nrodiparare
988 2336 1155 2416 inanimo
1172 2363 1234 2412 cu.

459 2477 642 2575 piditates,

265 2630 385 2723 Quas,
413 2653 492 2702 curn
519 2653 571 2702 res
598 2625 766 2703 advorsae
793 2627 904 2724 fient,
940 2631 1047 2728 paulo
1066 2642 1081 2680 ⁶
1099 2635 1236 2711 mederi

393 2795 400 2815 ι
461 2754 591 2853 poffis!
654 2821 656 2826 .

263 2904 331 2982 Hic
346 2903 444 2980 srmul
459 2924 641 3004 argentum
654 2906 807 3003 repperit
815 2959 830 2996 ,
843 2927 925 2977 cura
942 2899 1011 2977 sese
1025 2907 1204 3003 expedivit
1220 2939 1234 2986 z

263 3147 384 3207 verritur
401 3143 531 3219 malurn3
553 3142 588 3206 cs.
610 3142 646 3204 sc.
668 3166 706 3219 7,

167 3267 175 3281 '
266 3274 293 3313 v.
319 3274 364 3328 ις.

310 3357 412 3421 1de
432 3357 466 3418 ad
489 3375 544 3414 nte.
571 3361 574 3369 '

304 3490 321 3525 2
333 3465 403 3526 Chr.
417 3467 466 3546 qui
476 3461 558 3541 supra
566 3461 718 3519 nutricemr

264 3589 414 3631 monuerat
428 3615 436 3642 ,
449 3589 485 3627 ne
500 3569 564 3651 quis
583 3566 652 3627 haec
670 3588 705 3626 ex

262 3700 297 3741 en
320 3675 461 3752 rescisont,
486 3687 514 3738 δι
534 3697 610 3736 nunc
626 3677 704 3736 idem

261 3801 363 3847 monet
382 3780 512 3858 fratrem,
527 3805 563 3843 ne
582 3780 632 3842 filii
659 3803 705 3842 re-

262 3890 389 3974 sciscant,
397 3892 421 3952 is
431 3888 480 3951 suo
492 3892 617 3964 iudicio,
628 3891 705 3975 quast

262 4001 343 4064 sorex
352 4047 360 4075 ,
369 4001 482 4083 peribit.
493 4000 556 4081 lpse
567 4002 644 4059 enirn
653 4001 706 4060 hac

260 4112 344 4174 scena
376 4111 405 4171 id
438 4109 529 4171 facere
558 4128 702 4192 coeperat.

229 4214 232 4220 ’
260 4213 342 4273 Dum
357 4236 426 4274 vero
443 4216 626 4300 egrediuntur
643 4212 700 4271 sce·

261 4329 315 4394 na,
327 4318 400 4382 hanc
421 4321 492 4384 alter
513 4321 638 4383 filiorum
658 4319 702 4379 in-

790 3146 927 3229 graditur.

834 3272 847 3326 3
878 3254 950 3311 Ant.
977 3253 1035 3310 iarn
1059 3272 1076 3310 a
1098 3268 1174 3310 metu
1196 3252 1233 3312 ad

790 3352 870 3432 spem
887 3357 1051 3415 retinendae
1068 3359 1164 3414 uxoris
1180 3382 1235 3417 vo-

789 3476 886 3530 catus,
907 3475 968 3519 turn
991 3462 1023 3519 iu
1048 3461 1170 3523 laetitiae
1195 3470 1233 3528 de

788 3564 927 3627 Phaedria
944 3567 1018 3627 curis
1031 3567 1167 3647 expedito
1179 3570 1232 3631 ali-

789 3697 874 3763 quam
904 3698 1016 3759 pattem
1047 3681 1144 3752 venit,
1170 3700 1232 3743 turn

788 3782 881 3842 redite
898 3783 1016 3844 domum
1035 3787 1127 3847 audet.

829 3892 924 3966 4Scil
945 3894 1053 3953 mediae
1070 3895 1145 3953 inter
1165 3917 1231 3955 me-

789 4010 890 4061 tum&
908 4002 995 4081 spent·

829 4106 1076 4181 5h.l.cautum;
1095 4103 1230 4168 aliasve.
1310 4146 1313 4154 ‚

784 4210 908 4269 nustum.

827 4313 923 4379 escis.
932 4314 1075 4399 'sumptui
1088 4319 1232 4396 remedio,
