2809 5234
232 792 402 926 '4i‚
528 818 1003 900 irruaturit

277 995 368 1067 Sum.
385 988 518 1065 setvon’
532 990 683 1063 fortunas
698 1008 788 1058 meas
804 1008 858 1059 me
871 979 1068 1059 commuue
1079 976 1177 1055 futuli
1192 980 1208 1056 i

275 1120 366 1215 Bago
387 1113 530 1211 pretium
552 1088 598 1184 db
618 1106 786 1180 stultitiam
809 1098 908 1179 sero:
929 1102 985 1178 sed
1001 1102 1146 1176 inultum
1158 1130 1250 1180 uun-

446 1260 547 1334 quam
569 1233 605 1304 id
629 1228 770 1302 auferet.

275 1361 328 1432 D.
346 1357 485 1432 Posthac
508 1355 713 1429 incolumem
736 1354 783 1427 sat
803 1352 873 1429 scio
894 1349 970 1428 fore
988 1374 1044 1427 me
1054 1349 1105 1443 ,fi
1126 1351 1250 1429 devito

442 1482 511 1555 hoc
535 1478 673 1552 malum.
1227 1500 1245 1576 5

273 1607 315 1677 Ρ.
327 1604 415 1676 Nam
428 1596 512 1698 quid
529 1622 594 1696 ego
611 1622 700 1672 nunc
720 1595 829 1670 dicam
841 1592 956 1694 patrii
979 1589 1146 1696 negabou’
1160 1595 1250 1672 velle

443 1742 521 1807 me,
543 1716 651 1789 modo

269 1842 344 1940 Qui
370 1840 442 1916 sum
464 1838 634 1936 pollicitus
659 1835 813 1941 ducere?
840 1859 908 1936 qua
932 1833 1057 1912 fiducia
1078 1832 1113 1909 id
1130 1831 1249 1912 facere

442 1960 610 2037 audeam?

269 2091 343 2166 Nec
363 2087 443 2190 quid
463 2103 472 2137 ¹
491 2105 545 2161 me
565 2111 655 2160 nunc
669 2084 810 2180 faciam,
826 2085 908 2162 scio.
927 2091 979 2159 D.
993 2110 1054 2161 nec
1072 2099 1087 2136 ²
1105 2085 1187 2187 quid
1200 2086 1247 2175 de
1300 2138 1306 2155 .

428 2237 520 2303 me,
541 2228 639 2309 atque
661 2209 698 2282 id
716 2235 782 2308 ago
804 2207 934 2283 sedulo.

234 2413 236 2416 .
267 2338 417 2428 Dicam,
439 2335 565 2433 aliquid
589 2334 656 2406 iam
675 2333 910 2419 inventurum,
925 2354 962 2406 ut
979 2331 1059 2406 huic
1076 2330 1167 2404 malo
1180 2329 1242 2407 ali·

436 2483 537 2553 quam
558 2457 744 2554 producam
764 2479 905 2528 moram.
925 2457 967 2528 Ρ.
987 2454 1064 2531 ohe.

269 2578 323 2648 D.
344 2576 443 2649 Visus
462 2576 546 2651 sum.
566 2582 606 2650 P.
633 2579 807 2671 ehodum,
824 2581 914 2654 bone
935 2581 991 2656 vir
1008 2596 1043 2672 3,
1064 2581 1146 2682 quid
1165 2580 1243 2657 ais?

439 2699 553 2779 viden’
578 2704 716 2777 metuis
738 2704 882 2777 consiliis
1195 2730 1242 2782 to

264 2823 425 2899 Miserum
452 2824 649 2922 impeditum
685 2829 778 2903 effe?
817 2832 868 2901 D.
901 2845 934 2902 at
961 2827 1026 2901 iam
1052 2829 1240 2929 expediam.

435 2949 477 3018 P.
496 2946 676 3042 expedies?
702 2954 754 3021 D.
779 2969 892 3034 certe,
911 2948 1091 3047 Pamphile.

262 3068 307 3142 1³.
328 3068 477 3168 Nempe,
495 3089 534 3144 ut
554 3073 671 3146 modo.
694 3077 746 3145 D.
765 3072 837 3143 imo
852 3072 968 3145 melius
988 3071 1095 3169 spero.
1111 3075 1154 3145 P.
1167 3073 1239 3167 oh,

432 3191 494 3269 tibi
517 3215 582 3288 ego
602 3211 640 3263 ut
658 3192 811 3281 credam,
830 3187 994 3264 furciferi

263 3308 320 3385 Tu
350 3339 422 3390 rem
448 3312 642 3412 impeditam
665 3332 699 3386 et
728 3312 893 3410 perditam
919 3310 1102 3388 restituas?
1134 3312 1212 3389 hem
1225 3366 1239 3408 ‚

435 3458 508 3532 quo
525 3449 541 3494 ⁴
566 3429 665 3505 fretu'
687 3432 788 3505 sum?

262 3551 339 3647 Qui
370 3581 425 3630 me
448 3558 552 3632 hodie
580 3583 623 3633 ex
652 3556 914 3658 tranquillissima
934 3585 972 3635 re
1002 3560 1175 3671 coniecisti
1199 3559 1236 3635 in

432 3695 572 3774 nuptias.

304 3882 319 3925 1
337 3861 402 3969 MS.
418 3862 514 3926 Mark.
529 3865 560 3926 &
577 3866 620 3928 ed.
636 3867 715 3936 Ven.
816 3892 834 3933 2
847 3869 965 3934 Variam
975 3868 1040 3934 edd.
1052 3871 1097 3936 At
1112 3894 1160 3934 nec
1167 3874 1232 3956 qui·

100 4024 102 4033 .
230 3982 353 4056 '1490.
372 3973 404 4032 de
425 3995 474 4040 mr.
493 3973 549 4037 Sed
565 3976 672 4039 &alibi
686 3987 717 4041 t·
774 3982 832 4043 dem
841 3982 1173 4066 me;al.neemequidem.

259 4096 299 4134 me
315 4075 438 4139 absolute
455 4080 575 4160 ponitur.
595 4080 632 4142 cs.
648 4081 718 4144 insta
820 4107 835 4168 3
854 4090 939 4149 ironia
953 4091 1158 4155 comminantis.

260 4180 374 4285 ΠΛ,
391 4187 437 4248 26.
457 4186 581 4269 Adelph.
598 4187 654 4261 lv,
671 4212 714 4268 4,
814 4194 941 4269 4MSS.
964 4197 1080 4278 quidam
1107 4197 1140 4264 ὃ(
1163 4196 1230 4264 edd·

264 4285 567 4368 2.&PtaurAu.1V,
581 4315 633 4373 10,
644 4297 695 4370 46.
769 4297 859 4376 fretus
869 4303 944 4380 stem.
