2809 5234
524 943 663 1023 „4
1004 926 1059 997 r
1179 882 1974 999 TERENT11

511 1090 604 1160 A.
642 1090 817 1160 Cum
871 1083 1012 1158 hoc
1054 1111 1201 1158 non
1249 1085 1523 1183 possum
1553 1140 1577 1172 ‚
1618 1083 1792 1157 illud
1832 1083 2062 1158 minus
2099 1080 2368 1182 possem
2410 1098 2461 1162 ¹.

920 1209 1008 1277 G.
1042 1206 1182 1279 hoc
1215 1207 1388 1278 nihil
1417 1206 1513 1278 est
1550 1225 1620 1296 ²,
1654 1206 1983 1279 Phaedria
2014 1234 2031 1278 ε
2063 1208 2275 1280 ilicet.

515 1326 711 1421 Quid
760 1326 872 1399 hic
920 1328 1352 1400 conterimus
1390 1353 1681 1424 operam
1713 1326 2008 1400 frustra?
2050 1330 2219 1427 quin
2256 1314 2458 1404 abeo.

896 1453 983 1522 P.
1028 1468 1100 1521 et
1144 1449 1434 1547 quidem
1481 1475 1639 1548 ego.
1686 1458 1762 1522 A.
1809 1450 2106 1524 obsecro
2147 1471 2165 1512 ³
2213 1476 2231 1521 :

513 1591 710 1686 Quid
749 1592 798 1663 fi
836 1589 1195 1663 affimulo?
1241 1590 1441 1663 satin’
1482 1591 1578 1663 est
1617 1598 1643 1666 ἓ
1705 1596 1792 1664 G.
1854 1595 2094 1691 garris.
2154 1599 2247 1669 A.
2295 1595 2470 1670 vol-

905 1726 1056 1781 tum
1105 1711 1708 1806 contemplamini.
1763 1714 1923 1783 hem
1961 1767 1984 1804 ,

512 1861 743 1935 Satine
786 1862 875 1934 fic
920 1857 1070 1932 est?
1118 1864 1203 1933 G.
1244 1883 1419 1932 non.
1468 1864 1560 1930 A.
1594 1858 1764 1956 quid
1814 1858 1862 1928 si
1896 1857 2028 1932 fic?
2072 1862 2160 1933 G.
2202 1885 2469 1960 prope-

909 1980 1227 2055 modum.
1271 1987 1356 2054 A.
1411 1979 1581 2080 quid
1625 1979 1760 2052 fic?
1824 1983 1911 2051 G.
1963 1977 2064 2052 sat
2107 1980 2252 2053 est:

511 2136 693 2208 Hem
725 2190 751 2224 ,
803 2134 974 2209 istuc
1031 2133 1281 2208 servat
1328 2152 1399 2207 et
1446 2132 1744 2208 verbum
1798 2133 2021 2206 verbo
2058 2188 2081 2225 ,
2132 2160 2259 2230 par
2310 2137 2466 2233 pari

895 2276 975 2329 ut
1033 2254 1450 2352 respondeas
1483 2274 1517 2317 4
1534 2310 1563 2345 ,

2361 2281 2451 2353 35

510 2407 621 2480 Ne
651 2422 719 2477 te
754 2405 967 2478 iratus
1009 2402 1143 2478 suis
1168 2401 1529 2477 saevidicis
1564 2402 1762 2479 dietis
1792 2409 2122 2503 protelet.
2176 2416 2269 2482 A.
2293 2409 2466 2506 scio.

524 2559 614 2628 G.
653 2575 673 2618 τ
727 2555 819 2626 Vi
862 2555 1177 2628 coactum
1216 2573 1289 2629 te
1330 2554 1468 2629 effe
1509 2544 1814 2631 invitum
1846 2610 1873 2649 ,
1899 2557 2051 2657 lege
2075 2613 2100 2650 ,
2149 2559 2465 2635 iudicio:

908 2702 1105 2757 tenes
1141 2688 1170 2757 Ξ·
1223 2748 1230 2756 .

596 2985 621 3024 1
649 2964 743 3025 Sic
775 2964 949 3045 plane
988 2967 1199 3045 rumpit
1231 2986 1409 3048 argu-

521 3095 734 3143 menta,
764 3076 969 3157 quibus
986 3096 1117 3132 eum
1138 3076 1205 3133 ad
1226 3073 1403 3134 forti-

518 3185 772 3242 tudinem
796 3184 993 3243 adduci
1027 3185 1287 3264 cupiunt.
1328 3184 1411 3243 At

512 3310 579 3348 ea
632 3311 750 3346 non
786 3289 942 3345 venit
983 3286 1050 3345 ab
1093 3308 1404 3366 argumen-

515 3390 587 3447 tis
617 3435 633 3461 ,
661 3388 756 3449 sed
795 3392 873 3448 est
904 3391 972 3449 ab
1016 3390 1233 3448 anim0.
1297 3390 1409 3448 Ita·

515 3514 626 3575 que
662 3516 793 3552 mox
833 3492 884 3552 sc
925 3515 1055 3552 eum
1089 3491 1410 3553 deserturos

512 3598 804 3655 minantur
831 3618 1068 3681 uterque
1102 3597 1408 3655 audentior

515 3701 672 3760 Geta
699 3713 751 3761 &
781 3704 882 3764 Ph.

600 3826 629 3859 ε,
685 3802 860 3878 Quod
908 3807 974 3864 de
1020 3828 1091 3865 eo
1141 3804 1410 3887 speraba-

512 3922 673 3971 mm,
734 3902 877 3959 nihil
932 3910 1025 3966 est.
1075 3908 1145 3967 cf.
1194 3909 1404 3969 Heaut.

512 4004 635 4075 111,
675 4013 705 4062 6
727 4048 740 4073 ‚
768 4028 821 4078 5.
854 4006 1013 4065 Don.
1044 4019 1095 4067 3.-
1129 4013 1401 4073 Dacieria

518 4129 797 4191 nugantur
827 4156 840 4183 ,
864 4112 995 4168 dum
1028 4116 1121 4173 hoc
1148 4137 1403 4178 contem-

516 4213 619 4270 tim
642 4216 752 4272 dici
781 4236 1012 4296 putant,
1034 4239 1142 4298 pro
1170 4225 1253 4281 hic
1268 4226 1404 4284 Ant.

516 4322 650 4378 nihil
686 4328 768 4404 est.

599 4443 627 4500 3
661 4425 923 4495 Territus
951 4436 1401 4518 expergiscitur3

1574 2965 1674 3027 sed
1720 2966 1982 3049 quamvis
2022 2965 2318 3026 obnitatur
2357 2991 2464 3049 pa-

1573 3075 1734 3147 voti,
1766 3072 1853 3133 nil
1883 3072 2276 3154 promovebit.
2315 3074 2469 3133 Cum

1580 3203 1703 3240 uon
1761 3184 2018 3242 animum
2081 3181 2471 3241 confidentem

1573 3287 1810 3345 induere
1844 3285 2026 3347 valeat
2050 3332 2068 3360 ,
2096 3284 2298 3344 frustra
2334 3285 2469 3344 vul-

1575 3409 1696 3449 tum
1737 3388 2008 3450 affimulat
2027 3435 2049 3461 ,
2082 3389 2382 3473 magisque
2408 3408 2470 3451 ut

1578 3496 1814 3555 retineat
1845 3494 2212 3554 abiturientes
2239 3539 2253 3565 ,
2290 3515 2473 3576 quam

1500 3645 1509 3651 .
1576 3617 1636 3658 ut
1671 3596 1791 3679 ipse
1815 3596 2033 3656 audeat.
2060 3595 2260 3676 Itaque
2281 3600 2475 3657 comi-

1575 3705 1626 3763 ci
1664 3705 1870 3763 dantur
1891 3701 2017 3762 ludi
2045 3703 2109 3760 in
2135 3702 2384 3762 tristitia.

1661 3831 1696 3879 4
1721 3805 1868 3865 Non
1887 3801 2071 3867 solum
2091 3805 2326 3867 verbum
2349 3831 2476 3868 ver·
2504 3794 2509 3799 ’

1573 3908 1651 3967 bo
1667 3955 1685 3980 ,
1712 3909 1808 3969 sed
1834 3913 2008 3972 etiam
2032 3913 2285 3972 rationes
2299 3935 2474 3995 pare:

1571 4013 1894 4073 rationibus
1971 4035 2233 4099 regerere
2312 4017 2471 4077 iubet

1570 4119 1825 4198 prudens
1881 4119 2084 4180 artifex
2138 4120 2180 4181 s.
2226 4120 2388 4183 Geta
2433 4123 2473 4184 s.

1571 4243 1766 4302 poeta.
1824 4226 2177 4306 Exemplum
2224 4233 2472 4312 praebe-

1569 4333 1652 4394 bit
1680 4332 1962 4395 Phaedria
1986 4334 2059 4398 sc.
2088 4338 2173 4425 sq.

1651 4463 1678 4520 ς
1721 4441 1876 4507 Mira
1918 4446 2195 4514 brevitate
2228 4456 2473 4535 praeci·
2516 4522 2525 4529 ,
