<?xml version="1.0" encoding="UTF-8"?>
<!DOCTYPE html PUBLIC "-//W3C//DTD XHTML 1.0 Transitional//EN"
    "http://www.w3.org/TR/xhtml1/DTD/xhtml1-transitional.dtd">
<html xmlns="http://www.w3.org/1999/xhtml" xml:lang="en" lang="en">
 <head>
  <title>
</title>
<meta http-equiv="Content-Type" content="text/html;charset=utf-8" />
  <meta name='ocr-system' content='tesseract 3.04.00' />
  <meta name='ocr-capabilities' content='ocr_page ocr_carea ocr_par ocr_line ocrx_word'/>
</head>
<body>
  <div class='ocr_page' id='page_1' title='image "./publiiterentiia00teregoog_0016.png"; bbox 0 0 2809 5234; ppageno 0'>
   <div class='ocr_carea' id='block_1_1' title="bbox 187 880 270 939">
    <p class='ocr_par' dir='ltr' id='par_1_1' title="bbox 187 880 270 939">
     <span class='ocr_line' id='line_1_1' title="bbox 187 880 270 939; baseline -0.096 0"><span class='ocrx_word' id='word_1_1' title='bbox 187 880 270 939; x_wconf 62' lang='lat' dir='ltr'>:vl</span> 
     </span>
    </p>
   </div>
   <div class='ocr_carea' id='block_1_2' title="bbox 205 1012 1215 4412">
    <p class='ocr_par' dir='ltr' id='par_1_2' title="bbox 205 1012 1215 4412">
     <span class='ocr_line' id='line_1_2' title="bbox 226 1012 1172 1113; baseline -0.01 -19"><span class='ocrx_word' id='word_1_2' title='bbox 226 1021 327 1094; x_wconf 83' lang='lat' dir='ltr'>Laelii</span> <span class='ocrx_word' id='word_1_3' title='bbox 345 1017 528 1107; x_wconf 85' lang='lat' dir='ltr'>familiaris,</span> <span class='ocrx_word' id='word_1_4' title='bbox 546 1015 755 1113; x_wconf 87' lang='lat' dir='ltr'>ingeniorum</span> <span class='ocrx_word' id='word_1_5' title='bbox 782 1012 1034 1110; x_wconf 87' lang='lat' dir='ltr'>animorumque</span> <span class='ocrx_word' id='word_1_6' title='bbox 1057 1012 1172 1085; x_wconf 73' lang='lat' dir='ltr'>huma:</span> 
     </span>
     <span class='ocr_line' id='line_1_3' title="bbox 225 1109 1173 1206; baseline -0.008 -16"><span class='ocrx_word' id='word_1_7' title='bbox 225 1143 344 1192; x_wconf 90' lang='lat' dir='ltr'>norum</span> <span class='ocrx_word' id='word_1_8' title='bbox 355 1118 525 1191; x_wconf 88' lang='lat' dir='ltr'>notatione</span> <span class='ocrx_word' id='word_1_9' title='bbox 540 1115 582 1184; x_wconf 92' lang='lat' dir='ltr'>ad</span> <span class='ocrx_word' id='word_1_10' title='bbox 594 1131 699 1185; x_wconf 90' lang='lat' dir='ltr'>artem</span> <span class='ocrx_word' id='word_1_11' title='bbox 719 1111 838 1195; x_wconf 61' lang='lat' dir='ltr'>fabius,</span> <span class='ocrx_word' id='word_1_12' title='bbox 860 1111 992 1206; x_wconf 84' lang='lat' dir='ltr'>ipseque</span> <span class='ocrx_word' id='word_1_13' title='bbox 1006 1109 1173 1182; x_wconf 86' lang='lat' dir='ltr'>humanis·</span> 
     </span>
     <span class='ocr_line' id='line_1_4' title="bbox 226 1207 1215 1304; baseline -0.003 -18"><span class='ocrx_word' id='word_1_14' title='bbox 226 1215 343 1303; x_wconf 81' lang='lat' dir='ltr'>fimus,</span> <span class='ocrx_word' id='word_1_15' title='bbox 365 1211 585 1286; x_wconf 85' lang='lat' dir='ltr'>Comoediam</span> <span class='ocrx_word' id='word_1_16' title='bbox 617 1211 746 1281; x_wconf 87' lang='lat' dir='ltr'>Romae</span> <span class='ocrx_word' id='word_1_17' title='bbox 772 1233 791 1280; x_wconf 90' lang='lat' dir='ltr'>a</span> <span class='ocrx_word' id='word_1_18' title='bbox 813 1207 944 1281; x_wconf 86' lang='lat' dir='ltr'>lascivia</span> <span class='ocrx_word' id='word_1_19' title='bbox 976 1233 1017 1278; x_wconf 87' lang='lat' dir='ltr'>ex</span> <span class='ocrx_word' id='word_1_20' title='bbox 1045 1207 1175 1304; x_wconf 81' lang='lat' dir='ltr'>Satyris</span> <span class='ocrx_word' id='word_1_21' title='bbox 1202 1266 1215 1283; x_wconf 89' lang='lat'>..</span> 
     </span>
     <span class='ocr_line' id='line_1_5' title="bbox 227 1304 1173 1409; baseline -0.006 -26"><span class='ocrx_word' id='word_1_22' title='bbox 227 1312 367 1409; x_wconf 82' lang='lat' dir='ltr'>relique,</span> <span class='ocrx_word' id='word_1_23' title='bbox 380 1334 413 1387; x_wconf 88' lang='lat' dir='ltr'>et</span> <span class='ocrx_word' id='word_1_24' title='bbox 433 1305 627 1381; x_wconf 85' lang='lat' dir='ltr'>immodesta</span> <span class='ocrx_word' id='word_1_25' title='bbox 648 1306 702 1377; x_wconf 91' lang='lat' dir='ltr'>illa</span> <span class='ocrx_word' id='word_1_26' title='bbox 719 1306 755 1378; x_wconf 92' lang='lat' dir='ltr'>vi</span> <span class='ocrx_word' id='word_1_27' title='bbox 779 1306 908 1379; x_wconf 88' lang='lat' dir='ltr'>comica</span> <span class='ocrx_word' id='word_1_28' title='bbox 930 1304 1109 1376; x_wconf 82' lang='lat' dir='ltr'>devocavit</span> <span class='ocrx_word' id='word_1_29' title='bbox 1129 1305 1173 1377; x_wconf 88' lang='lat' dir='ltr'>ad</span> 
     </span>
     <span class='ocr_line' id='line_1_6' title="bbox 226 1402 1173 1498; baseline -0.008 -17"><span class='ocrx_word' id='word_1_30' title='bbox 226 1431 384 1482; x_wconf 75' lang='lat' dir='ltr'>morerer</span> <span class='ocrx_word' id='word_1_31' title='bbox 404 1406 656 1478; x_wconf 81' lang='lat' dir='ltr'>humanitatem:</span> <span class='ocrx_word' id='word_1_32' title='bbox 675 1424 773 1498; x_wconf 88' lang='lat' dir='ltr'>atque</span> <span class='ocrx_word' id='word_1_33' title='bbox 794 1402 837 1476; x_wconf 87' lang='lat' dir='ltr'>src</span> <span class='ocrx_word' id='word_1_34' title='bbox 861 1405 973 1474; x_wconf 81' lang='lat' dir='ltr'>morari</span> <span class='ocrx_word' id='word_1_35' title='bbox 995 1406 1173 1473; x_wconf 79' lang='lat' dir='ltr'><em>dramatum</em></span> 
     </span>
     <span class='ocr_line' id='line_1_7' title="bbox 225 1497 1173 1603; baseline -0.007 -27"><span class='ocrx_word' id='word_1_36' title='bbox 225 1511 340 1603; x_wconf 83' lang='lat' dir='ltr'>generis</span> <span class='ocrx_word' id='word_1_37' title='bbox 365 1504 516 1601; x_wconf 90' lang='lat' dir='ltr'>princeps</span> <span class='ocrx_word' id='word_1_38' title='bbox 537 1500 646 1576; x_wconf 77' lang='lat' dir='ltr'>evasit.</span> <span class='ocrx_word' id='word_1_39' title='bbox 687 1497 824 1572; x_wconf 75' lang='lat' dir='ltr'>Fabulae</span> <span class='ocrx_word' id='word_1_40' title='bbox 843 1500 912 1571; x_wconf 87' lang='lat' dir='ltr'>eius</span> <span class='ocrx_word' id='word_1_41' title='bbox 933 1524 952 1571; x_wconf 89' lang='lat' dir='ltr'>e</span> <span class='ocrx_word' id='word_1_42' title='bbox 976 1498 1112 1571; x_wconf 81' lang='lat' dir='ltr'>Graecia</span> <span class='ocrx_word' id='word_1_43' title='bbox 1138 1499 1173 1570; x_wconf 91' lang='lat' dir='ltr'>in</span> 
     </span>
     <span class='ocr_line' id='line_1_8' title="bbox 228 1595 1174 1692; baseline -0.005 -18"><span class='ocrx_word' id='word_1_44' title='bbox 228 1607 355 1676; x_wconf 86' lang='lat' dir='ltr'>Latium</span> <span class='ocrx_word' id='word_1_45' title='bbox 377 1600 545 1673; x_wconf 80' lang='lat' dir='ltr'>translatae</span> <span class='ocrx_word' id='word_1_46' title='bbox 569 1597 642 1671; x_wconf 89' lang='lat' dir='ltr'>sunt</span> <span class='ocrx_word' id='word_1_47' title='bbox 662 1596 814 1692; x_wconf 81' lang='lat' dir='ltr'>ipltffima</span> <span class='ocrx_word' id='word_1_48' title='bbox 832 1596 919 1670; x_wconf 88' lang='lat' dir='ltr'>vitae</span> <span class='ocrx_word' id='word_1_49' title='bbox 938 1595 1124 1670; x_wconf 86' lang='lat' dir='ltr'>communis</span> <span class='ocrx_word' id='word_1_50' title='bbox 1152 1595 1174 1669; x_wconf 86' lang='lat' dir='ltr'>s.</span> 
     </span>
     <span class='ocr_line' id='line_1_9' title="bbox 228 1691 1174 1798; baseline -0.012 -25"><span class='ocrx_word' id='word_1_51' title='bbox 228 1697 435 1798; x_wconf 87' lang='lat' dir='ltr'>quotidianae</span> <span class='ocrx_word' id='word_1_52' title='bbox 469 1696 617 1793; x_wconf 77' lang='lat' dir='ltr'>imago,</span> <span class='ocrx_word' id='word_1_53' title='bbox 636 1695 755 1768; x_wconf 87' lang='lat' dir='ltr'>nativis</span> <span class='ocrx_word' id='word_1_54' title='bbox 783 1694 954 1767; x_wconf 81' lang='lat' dir='ltr'>coloribus</span> <span class='ocrx_word' id='word_1_55' title='bbox 984 1693 1075 1765; x_wconf 89' lang='lat' dir='ltr'>velut</span> <span class='ocrx_word' id='word_1_56' title='bbox 1103 1691 1174 1764; x_wconf 90' lang='lat' dir='ltr'>san·</span> 
     </span>
     <span class='ocr_line' id='line_1_10' title="bbox 226 1788 1176 1894; baseline -0.006 -26"><span class='ocrx_word' id='word_1_57' title='bbox 226 1798 324 1894; x_wconf 89' lang='lat' dir='ltr'>guine</span> <span class='ocrx_word' id='word_1_58' title='bbox 352 1791 472 1867; x_wconf 83' lang='lat' dir='ltr'>diffirsrs</span> <span class='ocrx_word' id='word_1_59' title='bbox 499 1794 541 1866; x_wconf 90' lang='lat' dir='ltr'>ad</span> <span class='ocrx_word' id='word_1_60' title='bbox 569 1793 728 1867; x_wconf 86' lang='lat' dir='ltr'>summam</span> <span class='ocrx_word' id='word_1_61' title='bbox 757 1791 959 1881; x_wconf 83' lang='lat' dir='ltr'>venustatem</span> <span class='ocrx_word' id='word_1_62' title='bbox 982 1810 1016 1862; x_wconf 91' lang='lat' dir='ltr'>et</span> <span class='ocrx_word' id='word_1_63' title='bbox 1037 1788 1176 1887; x_wconf 82' lang='lat' dir='ltr'>gratiam</span> 
     </span>
     <span class='ocr_line' id='line_1_11' title="bbox 228 1887 1177 1977; baseline -0.005 -14"><span class='ocrx_word' id='word_1_64' title='bbox 228 1906 371 1977; x_wconf 65' lang='lat' dir='ltr'>ornatae.</span> <span class='ocrx_word' id='word_1_65' title='bbox 407 1891 619 1963; x_wconf 87' lang='lat' dir='ltr'>Personarum</span> <span class='ocrx_word' id='word_1_66' title='bbox 645 1913 756 1962; x_wconf 90' lang='lat' dir='ltr'>mores</span> <span class='ocrx_word' id='word_1_67' title='bbox 784 1890 806 1962; x_wconf 85' lang='lat' dir='ltr'>s.</span> <span class='ocrx_word' id='word_1_68' title='bbox 833 1889 1034 1961; x_wconf 75' lang='lat' dir='ltr'>cbaracieres</span> <span class='ocrx_word' id='word_1_69' title='bbox 1051 1887 1093 1958; x_wconf 92' lang='lat' dir='ltr'>ad</span> <span class='ocrx_word' id='word_1_70' title='bbox 1116 1887 1177 1958; x_wconf 94' lang='lat' dir='ltr'>de-</span> 
     </span>
     <span class='ocr_line' id='line_1_12' title="bbox 225 1983 1177 2082; baseline -0.007 -22"><span class='ocrx_word' id='word_1_71' title='bbox 225 1989 302 2060; x_wconf 84' lang='lat' dir='ltr'>cori</span> <span class='ocrx_word' id='word_1_72' title='bbox 321 1988 481 2060; x_wconf 89' lang='lat' dir='ltr'>rationem</span> <span class='ocrx_word' id='word_1_73' title='bbox 503 1987 598 2058; x_wconf 77' lang='lat' dir='ltr'>simul</span> <span class='ocrx_word' id='word_1_74' title='bbox 623 1987 668 2059; x_wconf 88' lang='lat' dir='ltr'>ita</span> <span class='ocrx_word' id='word_1_75' title='bbox 695 1987 915 2082; x_wconf 75' lang='lat' dir='ltr'>temperavit,</span> <span class='ocrx_word' id='word_1_76' title='bbox 942 2010 977 2056; x_wconf 85' lang='lat' dir='ltr'>ut</span> <span class='ocrx_word' id='word_1_77' title='bbox 1001 1983 1057 2057; x_wconf 87' lang='lat' dir='ltr'>vel</span> <span class='ocrx_word' id='word_1_78' title='bbox 1080 2012 1177 2055; x_wconf 85' lang='lat' dir='ltr'>mere-</span> 
     </span>
     <span class='ocr_line' id='line_1_13' title="bbox 228 2081 1177 2182; baseline -0.003 -28"><span class='ocrx_word' id='word_1_79' title='bbox 228 2089 315 2157; x_wconf 81' lang='lat' dir='ltr'>trices</span> <span class='ocrx_word' id='word_1_80' title='bbox 345 2087 522 2178; x_wconf 73' lang='lat' dir='ltr'>honestiores</span> <span class='ocrx_word' id='word_1_81' title='bbox 541 2084 637 2182; x_wconf 83' lang='lat' dir='ltr'>stru,</span> <span class='ocrx_word' id='word_1_82' title='bbox 666 2085 761 2179; x_wconf 90' lang='lat' dir='ltr'>quod</span> <span class='ocrx_word' id='word_1_83' title='bbox 794 2087 952 2178; x_wconf 54' lang='lat' dir='ltr'>Bauacus</span> <span class='ocrx_word' id='word_1_84' title='bbox 981 2081 1050 2167; x_wconf 88' lang='lat' dir='ltr'>ait,</span> <span class='ocrx_word' id='word_1_85' title='bbox 1080 2110 1177 2177; x_wconf 86' lang='lat' dir='ltr'>quam</span> 
     </span>
     <span class='ocr_line' id='line_1_14' title="bbox 226 2177 1177 2277; baseline -0.001 -25"><span class='ocrx_word' id='word_1_86' title='bbox 226 2182 401 2254; x_wconf 83' lang='lat' dir='ltr'>&#39;Plautinae</span> <span class='ocrx_word' id='word_1_87' title='bbox 422 2207 600 2270; x_wconf 83' lang='lat' dir='ltr'>marronae,</span> <span class='ocrx_word' id='word_1_88' title='bbox 619 2180 812 2252; x_wconf 90' lang='lat' dir='ltr'>feminarum</span> <span class='ocrx_word' id='word_1_89' title='bbox 839 2182 937 2253; x_wconf 88' lang='lat' dir='ltr'>decus</span> <span class='ocrx_word' id='word_1_90' title='bbox 962 2179 1083 2277; x_wconf 89' lang='lat' dir='ltr'>ubique</span> <span class='ocrx_word' id='word_1_91' title='bbox 1110 2177 1177 2251; x_wconf 89' lang='lat' dir='ltr'>ser-</span> 
     </span>
     <span class='ocr_line' id='line_1_15' title="bbox 230 2274 1174 2375; baseline -0.003 -23"><span class='ocrx_word' id='word_1_92' title='bbox 230 2297 343 2353; x_wconf 86' lang='lat' dir='ltr'>vetur:</span> <span class='ocrx_word' id='word_1_93' title='bbox 377 2278 503 2375; x_wconf 78' lang='lat' dir='ltr'>parasiti</span> <span class='ocrx_word' id='word_1_94' title='bbox 532 2302 600 2350; x_wconf 93' lang='lat' dir='ltr'>non</span> <span class='ocrx_word' id='word_1_95' title='bbox 629 2274 690 2347; x_wconf 83' lang='lat' dir='ltr'>fint</span> <span class='ocrx_word' id='word_1_96' title='bbox 717 2276 846 2350; x_wconf 88' lang='lat' dir='ltr'>ridiculi</span> <span class='ocrx_word' id='word_1_97' title='bbox 877 2297 910 2349; x_wconf 91' lang='lat' dir='ltr'>et</span> <span class='ocrx_word' id='word_1_98' title='bbox 940 2275 1174 2375; x_wconf 85' lang='lat' dir='ltr'>plagipatidae,</span> 
     </span>
     <span class='ocr_line' id='line_1_16' title="bbox 229 2363 1174 2472; baseline -0.003 -24"><span class='ocrx_word' id='word_1_99' title='bbox 229 2377 284 2448; x_wconf 84' lang='lat' dir='ltr'>led</span> <span class='ocrx_word' id='word_1_100' title='bbox 309 2377 362 2448; x_wconf 89' lang='lat' dir='ltr'>vel</span> <span class='ocrx_word' id='word_1_101' title='bbox 385 2363 606 2458; x_wconf 62' lang='lat' dir='ltr'>Gnathbnici,</span> <span class='ocrx_word' id='word_1_102' title='bbox 625 2373 658 2446; x_wconf 90' lang='lat' dir='ltr'>h.</span> <span class='ocrx_word' id='word_1_103' title='bbox 683 2399 712 2445; x_wconf 90' lang='lat' dir='ltr'>e.</span> <span class='ocrx_word' id='word_1_104' title='bbox 734 2367 941 2448; x_wconf 78' lang='lat' dir='ltr'>allentator&#39;es</span> <span class='ocrx_word' id='word_1_105' title='bbox 962 2373 1022 2472; x_wconf 91' lang='lat' dir='ltr'>(et</span> <span class='ocrx_word' id='word_1_106' title='bbox 1048 2371 1174 2445; x_wconf 86' lang='lat' dir='ltr'>deriso-</span> 
     </span>
     <span class='ocr_line' id='line_1_17' title="bbox 205 2470 1175 2638; baseline 0.001 -95"><span class='ocrx_word' id='word_1_107' title='bbox 205 2485 207 2488; x_wconf 51' lang='lat'><strong>⁴</strong></span> <span class='ocrx_word' id='word_1_108' title='bbox 229 2470 306 2638; x_wconf 55' lang='lat' dir='ltr'>res)</span> <span class='ocrx_word' id='word_1_109' title='bbox 328 2497 465 2562; x_wconf 90' lang='lat' dir='ltr'>eorum,</span> <span class='ocrx_word' id='word_1_110' title='bbox 483 2473 538 2568; x_wconf 91' lang='lat' dir='ltr'>qui</span> <span class='ocrx_word' id='word_1_111' title='bbox 561 2470 592 2543; x_wconf 87' lang='lat' dir='ltr'>se</span> <span class='ocrx_word' id='word_1_112' title='bbox 612 2471 738 2565; x_wconf 86' lang='lat' dir='ltr'>primos</span> <span class='ocrx_word' id='word_1_113' title='bbox 757 2471 909 2542; x_wconf 91' lang='lat' dir='ltr'>omnium</span> <span class='ocrx_word' id='word_1_114' title='bbox 931 2495 1038 2544; x_wconf 91' lang='lat' dir='ltr'>rerum</span> <span class='ocrx_word' id='word_1_115' title='bbox 1059 2486 1175 2564; x_wconf 87' lang='lat' dir='ltr'>putant</span> 
     </span>
     <span class='ocr_line' id='line_1_18' title="bbox 231 2565 1176 2666; baseline -0.002 -24"><span class='ocrx_word' id='word_1_116' title='bbox 231 2568 274 2666; x_wconf 91' lang='lat' dir='ltr'>(c</span> <span class='ocrx_word' id='word_1_117' title='bbox 290 2623 298 2642; x_wconf 91' lang='lat'><strong>.</strong></span> <span class='ocrx_word' id='word_1_118' title='bbox 316 2573 401 2642; x_wconf 84' lang='lat' dir='ltr'>Eun.</span> <span class='ocrx_word' id='word_1_119' title='bbox 416 2573 463 2659; x_wconf 87' lang='lat'>11,</span> <span class='ocrx_word' id='word_1_120' title='bbox 487 2594 518 2638; x_wconf 91' lang='lat'>2.</span> <span class='ocrx_word' id='word_1_121' title='bbox 540 2594 572 2664; x_wconf 93' lang='lat' dir='ltr'>p.</span> <span class='ocrx_word' id='word_1_122' title='bbox 599 2592 664 2658; x_wconf 85' lang='lat'>114</span> <span class='ocrx_word' id='word_1_123' title='bbox 688 2566 801 2665; x_wconf 88' lang='lat' dir='ltr'>ibique</span> <span class='ocrx_word' id='word_1_124' title='bbox 822 2565 981 2664; x_wconf 90' lang='lat' dir='ltr'>notata),</span> <span class='ocrx_word' id='word_1_125' title='bbox 1005 2567 1058 2639; x_wconf 87' lang='lat' dir='ltr'>vel</span> <span class='ocrx_word' id='word_1_126' title='bbox 1079 2565 1176 2663; x_wconf 88' lang='lat' dir='ltr'>quia</span> 
     </span>
     <span class='ocr_line' id='line_1_19' title="bbox 230 2663 1177 2761; baseline 0.004 -28"><span class='ocrx_word' id='word_1_127' title='bbox 230 2683 328 2761; x_wconf 84' lang='lat' dir='ltr'>poeta</span> <span class='ocrx_word' id='word_1_128' title='bbox 348 2687 504 2739; x_wconf 87' lang='lat' dir='ltr'>notentur</span> <span class='ocrx_word' id='word_1_129' title='bbox 518 2668 625 2761; x_wconf 85' lang='lat' dir='ltr'>nigri,</span> <span class='ocrx_word' id='word_1_130' title='bbox 641 2689 677 2735; x_wconf 90' lang='lat' dir='ltr'>ur</span> <span class='ocrx_word' id='word_1_131' title='bbox 696 2663 741 2735; x_wconf 88' lang='lat' dir='ltr'>ait</span> <span class='ocrx_word' id='word_1_132' title='bbox 760 2665 903 2752; x_wconf 90' lang='lat' dir='ltr'>Cicero,</span> <span class='ocrx_word' id='word_1_133' title='bbox 922 2685 956 2739; x_wconf 92' lang='lat' dir='ltr'>et</span> <span class='ocrx_word' id='word_1_134' title='bbox 975 2667 1177 2755; x_wconf 82' lang='lat' dir='ltr'>confidentes,</span> 
     </span>
     <span class='ocr_line' id='line_1_20' title="bbox 230 2760 1176 2853; baseline -0.001 -20"><span class='ocrx_word' id='word_1_135' title='bbox 230 2783 267 2834; x_wconf 90' lang='lat' dir='ltr'>ut</span> <span class='ocrx_word' id='word_1_136' title='bbox 297 2764 473 2853; x_wconf 87' lang='lat' dir='ltr'>Phormio,</span> <span class='ocrx_word' id='word_1_137' title='bbox 495 2762 588 2834; x_wconf 88' lang='lat' dir='ltr'>cuius</span> <span class='ocrx_word' id='word_1_138' title='bbox 614 2760 730 2834; x_wconf 78' lang='lat' dir='ltr'>similes</span> <span class='ocrx_word' id='word_1_139' title='bbox 750 2781 783 2834; x_wconf 91' lang='lat' dir='ltr'>et</span> <span class='ocrx_word' id='word_1_140' title='bbox 809 2765 909 2837; x_wconf 87' lang='lat' dir='ltr'>hodie</span> <span class='ocrx_word' id='word_1_141' title='bbox 932 2787 1051 2838; x_wconf 86' lang='lat' dir='ltr'>cavere</span> <span class='ocrx_word' id='word_1_142' title='bbox 1074 2760 1176 2832; x_wconf 90' lang='lat' dir='ltr'>debe-</span> 
     </span>
     <span class='ocr_line' id='line_1_21' title="bbox 230 2853 1176 2955; baseline -0.003 -25"><span class='ocrx_word' id='word_1_143' title='bbox 230 2884 323 2932; x_wconf 86' lang='lat' dir='ltr'>mus:</span> <span class='ocrx_word' id='word_1_144' title='bbox 346 2859 449 2945; x_wconf 82' lang='lat' dir='ltr'>setvi,</span> <span class='ocrx_word' id='word_1_145' title='bbox 466 2858 517 2930; x_wconf 90' lang='lat' dir='ltr'>alii</span> <span class='ocrx_word' id='word_1_146' title='bbox 539 2860 645 2955; x_wconf 81' lang='lat' dir='ltr'>frugi,</span> <span class='ocrx_word' id='word_1_147' title='bbox 665 2859 719 2931; x_wconf 89' lang='lat' dir='ltr'>alii</span> <span class='ocrx_word' id='word_1_148' title='bbox 739 2860 938 2934; x_wconf 74' lang='lat' dir='ltr'>delectabiles</span> <span class='ocrx_word' id='word_1_149' title='bbox 959 2853 1112 2929; x_wconf 77' lang='lat' dir='ltr'>dolorum</span> <span class='ocrx_word' id='word_1_150' title='bbox 1124 2880 1176 2928; x_wconf 89' lang='lat' dir='ltr'>ar·</span> 
     </span>
     <span class='ocr_line' id='line_1_22' title="bbox 230 2953 1177 3053; baseline 0.002 -26"><span class='ocrx_word' id='word_1_151' title='bbox 230 2953 345 3027; x_wconf 85' lang='lat' dir='ltr'>tifices.</span> <span class='ocrx_word' id='word_1_152' title='bbox 383 2960 490 3053; x_wconf 78' lang='lat' dir='ltr'>Atque</span> <span class='ocrx_word' id='word_1_153' title='bbox 513 2955 580 3053; x_wconf 83' lang='lat' dir='ltr'>ipse</span> <span class='ocrx_word' id='word_1_154' title='bbox 604 2955 782 3029; x_wconf 72' lang='lat' dir='ltr'>Terentius</span> <span class='ocrx_word' id='word_1_155' title='bbox 806 2978 915 3028; x_wconf 83' lang='lat' dir='ltr'>tantus</span> <span class='ocrx_word' id='word_1_156' title='bbox 944 2954 991 3027; x_wconf 85' lang='lat' dir='ltr'>est</span> <span class='ocrx_word' id='word_1_157' title='bbox 1016 2955 1177 3029; x_wconf 83' lang='lat' dir='ltr'>sermonis</span> 
     </span>
     <span class='ocr_line' id='line_1_23' title="bbox 230 3050 1175 3148; baseline 0.001 -25"><span class='ocrx_word' id='word_1_158' title='bbox 230 3051 403 3124; x_wconf 86' lang='lat' dir='ltr'>bominum</span> <span class='ocrx_word' id='word_1_159' title='bbox 428 3078 490 3148; x_wconf 91' lang='lat' dir='ltr'>pro</span> <span class='ocrx_word' id='word_1_160' title='bbox 507 3054 662 3147; x_wconf 87' lang='lat' dir='ltr'>cuiusque</span> <span class='ocrx_word' id='word_1_161' title='bbox 681 3051 875 3125; x_wconf 91' lang='lat' dir='ltr'>conditione</span> <span class='ocrx_word' id='word_1_162' title='bbox 894 3071 926 3124; x_wconf 89' lang='lat' dir='ltr'>et</span> <span class='ocrx_word' id='word_1_163' title='bbox 945 3050 1061 3124; x_wconf 69' lang='lat' dir='ltr'>affellu</span> <span class='ocrx_word' id='word_1_164' title='bbox 1081 3050 1175 3124; x_wconf 81' lang='lat' dir='ltr'>stmu-</span> 
     </span>
     <span class='ocr_line' id='line_1_24' title="bbox 230 3146 1174 3244; baseline 0.001 -25"><span class='ocrx_word' id='word_1_165' title='bbox 230 3147 319 3220; x_wconf 88' lang='lat' dir='ltr'>landi</span> <span class='ocrx_word' id='word_1_166' title='bbox 350 3148 489 3241; x_wconf 85' lang='lat' dir='ltr'>artifex,</span> <span class='ocrx_word' id='word_1_167' title='bbox 511 3168 547 3222; x_wconf 91' lang='lat' dir='ltr'>ut</span> <span class='ocrx_word' id='word_1_168' title='bbox 571 3149 652 3220; x_wconf 85' lang='lat' dir='ltr'>nihil</span> <span class='ocrx_word' id='word_1_169' title='bbox 679 3148 795 3242; x_wconf 86' lang='lat' dir='ltr'>supta;</span> <span class='ocrx_word' id='word_1_170' title='bbox 823 3174 888 3244; x_wconf 85' lang='lat' dir='ltr'>qua</span> <span class='ocrx_word' id='word_1_171' title='bbox 912 3174 948 3223; x_wconf 89' lang='lat' dir='ltr'>re</span> <span class='ocrx_word' id='word_1_172' title='bbox 975 3146 1174 3221; x_wconf 89' lang='lat' dir='ltr'>audientium</span> 
     </span>
     <span class='ocr_line' id='line_1_25' title="bbox 230 3241 1174 3345; baseline -0.007 -22"><span class='ocrx_word' id='word_1_173' title='bbox 230 3247 284 3323; x_wconf 92' lang='lat' dir='ltr'>vel</span> <span class='ocrx_word' id='word_1_174' title='bbox 302 3247 476 3345; x_wconf 86' lang='lat' dir='ltr'>legentium</span> <span class='ocrx_word' id='word_1_175' title='bbox 499 3245 619 3334; x_wconf 89' lang='lat' dir='ltr'>animi,</span> <span class='ocrx_word' id='word_1_176' title='bbox 638 3246 718 3316; x_wconf 90' lang='lat' dir='ltr'>haec</span> <span class='ocrx_word' id='word_1_177' title='bbox 734 3244 797 3318; x_wconf 81' lang='lat' dir='ltr'>elle</span> <span class='ocrx_word' id='word_1_178' title='bbox 813 3245 937 3319; x_wconf 88' lang='lat' dir='ltr'>scenica</span> <span class='ocrx_word' id='word_1_179' title='bbox 955 3264 986 3318; x_wconf 90' lang='lat' dir='ltr'>et</span> <span class='ocrx_word' id='word_1_180' title='bbox 1002 3245 1095 3334; x_wconf 76' lang='lat' dir='ltr'>flua,</span> <span class='ocrx_word' id='word_1_181' title='bbox 1118 3241 1174 3316; x_wconf 85' lang='lat' dir='ltr'>fa-</span> 
     </span>
     <span class='ocr_line' id='line_1_26' title="bbox 230 3338 1173 3433; baseline -0.003 -18"><span class='ocrx_word' id='word_1_182' title='bbox 230 3343 324 3415; x_wconf 84' lang='lat' dir='ltr'>cilius</span> <span class='ocrx_word' id='word_1_183' title='bbox 347 3345 607 3433; x_wconf 85' lang='lat' dir='ltr'>obliviscuntur,</span> <span class='ocrx_word' id='word_1_184' title='bbox 631 3363 665 3413; x_wconf 85' lang='lat' dir='ltr'>et</span> <span class='ocrx_word' id='word_1_185' title='bbox 690 3341 725 3412; x_wconf 95' lang='lat' dir='ltr'>in</span> <span class='ocrx_word' id='word_1_186' title='bbox 748 3366 865 3417; x_wconf 90' lang='lat' dir='ltr'>omnes</span> <span class='ocrx_word' id='word_1_187' title='bbox 888 3338 1173 3417; x_wconf 81' lang='lat' dir='ltr'>sermocinantium</span> 
     </span>
     <span class='ocr_line' id='line_1_27' title="bbox 230 3437 1175 3538; baseline 0.003 -31"><span class='ocrx_word' id='word_1_188' title='bbox 230 3439 362 3513; x_wconf 74' lang='lat' dir='ltr'>affectus</span> <span class='ocrx_word' id='word_1_189' title='bbox 394 3441 575 3513; x_wconf 88' lang='lat' dir='ltr'>trahuntur.</span> <span class='ocrx_word' id='word_1_190' title='bbox 616 3437 726 3510; x_wconf 89' lang='lat' dir='ltr'>Habet</span> <span class='ocrx_word' id='word_1_191' title='bbox 756 3458 789 3512; x_wconf 89' lang='lat' dir='ltr'>et</span> <span class='ocrx_word' id='word_1_192' title='bbox 820 3442 887 3514; x_wconf 90' lang='lat' dir='ltr'>hoc</span> <span class='ocrx_word' id='word_1_193' title='bbox 943 3439 1112 3538; x_wconf 88' lang='lat' dir='ltr'>ropriunt,</span> <span class='ocrx_word' id='word_1_194' title='bbox 1136 3454 1175 3510; x_wconf 90' lang='lat' dir='ltr'>ut</span> 
     </span>
     <span class='ocr_line' id='line_1_28' title="bbox 229 3468 1175 3635; baseline 0.002 -31"><span class='ocrx_word' id='word_1_195' title='bbox 229 3537 356 3630; x_wconf 84' lang='lat' dir='ltr'>priores</span> <span class='ocrx_word' id='word_1_196' title='bbox 379 3537 490 3610; x_wconf 87' lang='lat' dir='ltr'>scenae</span> <span class='ocrx_word' id='word_1_197' title='bbox 522 3535 741 3608; x_wconf 89' lang='lat' dir='ltr'>narrationem</span> <span class='ocrx_word' id='word_1_198' title='bbox 768 3537 792 3627; x_wconf 81' lang='lat' dir='ltr'>s,</span> <span class='ocrx_word' id='word_1_199' title='bbox 814 3468 1048 3635; x_wconf 66' lang='lat' dir='ltr'>expuitionem</span> <span class='ocrx_word' id='word_1_200' title='bbox 1075 3559 1175 3632; x_wconf 90' lang='lat' dir='ltr'>argu·</span> 
     </span>
     <span class='ocr_line' id='line_1_29' title="bbox 229 3631 1175 3730; baseline 0.002 -28"><span class='ocrx_word' id='word_1_201' title='bbox 229 3631 333 3702; x_wconf 89' lang='lat' dir='ltr'>menti</span> <span class='ocrx_word' id='word_1_202' title='bbox 357 3634 569 3719; x_wconf 87' lang='lat' dir='ltr'>contineant,</span> <span class='ocrx_word' id='word_1_203' title='bbox 592 3657 610 3705; x_wconf 92' lang='lat' dir='ltr'>e</span> <span class='ocrx_word' id='word_1_204' title='bbox 633 3655 702 3730; x_wconf 94' lang='lat' dir='ltr'>quo</span> <span class='ocrx_word' id='word_1_205' title='bbox 731 3631 847 3707; x_wconf 88' lang='lat' dir='ltr'>seritur</span> <span class='ocrx_word' id='word_1_206' title='bbox 872 3634 1004 3722; x_wconf 86' lang='lat' dir='ltr'>fabula,</span> <span class='ocrx_word' id='word_1_207' title='bbox 1024 3658 1062 3706; x_wconf 90' lang='lat' dir='ltr'>ac</span> <span class='ocrx_word' id='word_1_208' title='bbox 1090 3634 1175 3704; x_wconf 90' lang='lat' dir='ltr'>sem·</span> 
     </span>
     <span class='ocr_line' id='line_1_30' title="bbox 229 3726 1175 3828; baseline 0 -28"><span class='ocrx_word' id='word_1_209' title='bbox 229 3753 289 3823; x_wconf 90' lang='lat' dir='ltr'>per</span> <span class='ocrx_word' id='word_1_210' title='bbox 313 3726 427 3825; x_wconf 89' lang='lat' dir='ltr'>aliquis</span> <span class='ocrx_word' id='word_1_211' title='bbox 452 3755 493 3801; x_wconf 89' lang='lat' dir='ltr'>ex</span> <span class='ocrx_word' id='word_1_212' title='bbox 519 3730 684 3802; x_wconf 75' lang='lat' dir='ltr'>alloribus</span> <span class='ocrx_word' id='word_1_213' title='bbox 711 3730 790 3804; x_wconf 79' lang='lat' dir='ltr'>adfrt</span> <span class='ocrx_word' id='word_1_214' title='bbox 819 3730 1113 3828; x_wconf 82' lang='lat' dir='ltr'>praemonstrator,</span> <span class='ocrx_word' id='word_1_215' title='bbox 1137 3745 1175 3801; x_wconf 93' lang='lat' dir='ltr'>ut</span> 
     </span>
     <span class='ocr_line' id='line_1_31' title="bbox 229 3824 1175 3927; baseline 0.003 -31"><span class='ocrx_word' id='word_1_216' title='bbox 229 3829 353 3922; x_wconf 87' lang='lat' dir='ltr'>Synrs,</span> <span class='ocrx_word' id='word_1_217' title='bbox 373 3824 526 3920; x_wconf 91' lang='lat' dir='ltr'>primaria</span> <span class='ocrx_word' id='word_1_218' title='bbox 549 3826 910 3902; x_wconf 91' lang='lat' dir='ltr'>Heautontimorumeni</span> <span class='ocrx_word' id='word_1_219' title='bbox 935 3827 1091 3927; x_wconf 90' lang='lat' dir='ltr'>persona,</span> <span class='ocrx_word' id='word_1_220' title='bbox 1111 3851 1175 3901; x_wconf 86' lang='lat' dir='ltr'>cu-</span> 
     </span>
     <span class='ocr_line' id='line_1_32' title="bbox 226 3921 1173 4020; baseline -0.001 -27"><span class='ocrx_word' id='word_1_221' title='bbox 226 3922 278 3995; x_wconf 88' lang='lat' dir='ltr'>ius</span> <span class='ocrx_word' id='word_1_222' title='bbox 295 3921 379 3996; x_wconf 78' lang='lat' dir='ltr'>dicia</span> <span class='ocrx_word' id='word_1_223' title='bbox 403 3923 457 3995; x_wconf 89' lang='lat' dir='ltr'>vel</span> <span class='ocrx_word' id='word_1_224' title='bbox 476 3923 564 4020; x_wconf 85' lang='lat' dir='ltr'>quali</span> <span class='ocrx_word' id='word_1_225' title='bbox 584 3922 680 4012; x_wconf 84' lang='lat' dir='ltr'>falsa,</span> <span class='ocrx_word' id='word_1_226' title='bbox 700 3949 743 3997; x_wconf 87' lang='lat' dir='ltr'>ex</span> <span class='ocrx_word' id='word_1_227' title='bbox 764 3926 891 4000; x_wconf 88' lang='lat' dir='ltr'>eventis</span> <span class='ocrx_word' id='word_1_228' title='bbox 909 3925 1050 3999; x_wconf 88' lang='lat' dir='ltr'>iucunde</span> <span class='ocrx_word' id='word_1_229' title='bbox 1071 3921 1173 3996; x_wconf 87' lang='lat' dir='ltr'>intel·</span> 
     </span>
     <span class='ocr_line' id='line_1_33' title="bbox 227 4012 1175 4115; baseline 0 -27"><span class='ocrx_word' id='word_1_230' title='bbox 227 4018 373 4115; x_wconf 86' lang='lat' dir='ltr'>liguntur</span> <span class='ocrx_word' id='word_1_231' title='bbox 394 4012 489 4093; x_wconf 65' lang='lat' dir='ltr'>fuine</span> <span class='ocrx_word' id='word_1_232' title='bbox 510 4046 598 4093; x_wconf 85' lang='lat' dir='ltr'>vera.</span> <span class='ocrx_word' id='word_1_233' title='bbox 621 4021 785 4096; x_wconf 75' lang='lat' dir='ltr'>Diffionis</span> <span class='ocrx_word' id='word_1_234' title='bbox 804 4047 888 4097; x_wconf 89' lang='lat' dir='ltr'>veto</span> <span class='ocrx_word' id='word_1_235' title='bbox 909 4045 997 4097; x_wconf 87' lang='lat' dir='ltr'>tanta</span> <span class='ocrx_word' id='word_1_236' title='bbox 1016 4023 1052 4091; x_wconf 90' lang='lat' dir='ltr'>in</span> <span class='ocrx_word' id='word_1_237' title='bbox 1071 4016 1175 4090; x_wconf 86' lang='lat' dir='ltr'>coest</span> 
     </span>
     <span class='ocr_line' id='line_1_34' title="bbox 228 4115 1176 4215; baseline 0.002 -32"><span class='ocrx_word' id='word_1_238' title='bbox 228 4115 353 4188; x_wconf 83' lang='lat' dir='ltr'>castitas</span> <span class='ocrx_word' id='word_1_239' title='bbox 376 4135 411 4190; x_wconf 88' lang='lat' dir='ltr'>et</span> <span class='ocrx_word' id='word_1_240' title='bbox 429 4117 609 4214; x_wconf 83' lang='lat' dir='ltr'>elegantia,</span> <span class='ocrx_word' id='word_1_241' title='bbox 629 4136 666 4192; x_wconf 88' lang='lat' dir='ltr'>ut</span> <span class='ocrx_word' id='word_1_242' title='bbox 686 4124 725 4189; x_wconf 88' lang='lat' dir='ltr'>ob</span> <span class='ocrx_word' id='word_1_243' title='bbox 748 4125 829 4192; x_wconf 78' lang='lat' dir='ltr'>Itane</span> <span class='ocrx_word' id='word_1_244' title='bbox 849 4139 1071 4215; x_wconf 82' lang='lat' dir='ltr'>putannrura</span> <span class='ocrx_word' id='word_1_245' title='bbox 1093 4119 1176 4185; x_wconf 82' lang='lat' dir='ltr'>lae-</span> 
     </span>
     <span class='ocr_line' id='line_1_35' title="bbox 226 4210 1176 4316; baseline 0.008 -39"><span class='ocrx_word' id='word_1_246' title='bbox 226 4214 469 4316; x_wconf 61' lang='lat' dir='ltr'>{inscribimus</span> <span class='ocrx_word' id='word_1_247' title='bbox 492 4215 642 4305; x_wconf 83' lang='lat' dir='ltr'>fabulae,</span> <span class='ocrx_word' id='word_1_248' title='bbox 664 4214 743 4289; x_wconf 75' lang='lat' dir='ltr'>reste</span> <span class='ocrx_word' id='word_1_249' title='bbox 767 4221 927 4303; x_wconf 82' lang='lat' dir='ltr'>Cicerone,</span> <span class='ocrx_word' id='word_1_250' title='bbox 949 4212 1002 4286; x_wconf 90' lang='lat' dir='ltr'>cui</span> <span class='ocrx_word' id='word_1_251' title='bbox 1023 4210 1091 4310; x_wconf 88' lang='lat' dir='ltr'>ipse</span> <span class='ocrx_word' id='word_1_252' title='bbox 1113 4210 1176 4285; x_wconf 89' lang='lat' dir='ltr'>fuit</span> 
     </span>
     <span class='ocr_line' id='line_1_36' title="bbox 226 4307 1178 4412; baseline 0.005 -35"><span class='ocrx_word' id='word_1_253' title='bbox 226 4330 262 4377; x_wconf 84' lang='lat' dir='ltr'>rn</span> <span class='ocrx_word' id='word_1_254' title='bbox 282 4307 425 4386; x_wconf 83' lang='lat' dir='ltr'>deliciis:</span> <span class='ocrx_word' id='word_1_255' title='bbox 448 4330 547 4412; x_wconf 80' lang='lat' dir='ltr'>atque</span> <span class='ocrx_word' id='word_1_256' title='bbox 571 4316 710 4404; x_wconf 82' lang='lat' dir='ltr'>Varroni</span> <span class='ocrx_word' id='word_1_257' title='bbox 731 4314 917 4412; x_wconf 88' lang='lat' dir='ltr'>exemplum</span> <span class='ocrx_word' id='word_1_258' title='bbox 932 4309 1097 4388; x_wconf 82' lang='lat' dir='ltr'>diceretur</span> <span class='ocrx_word' id='word_1_259' title='bbox 1115 4336 1178 4394; x_wconf 58' lang='lat' dir='ltr'>rue:</span> 
     </span>
    </p>
   </div>
   <div class='ocr_carea' id='block_1_3' title="bbox 0 0 1410 5234">
    <p class='ocr_par' dir='ltr' id='par_1_3' title="bbox 0 0 1410 5234">
     <span class='ocr_line' id='line_1_37' title="bbox 0 0 1410 5234; baseline 0 0"><span class='ocrx_word' id='word_1_260' title='bbox 0 0 1410 5234; x_wconf 95' lang='lat' dir='ltr'> </span> 
     </span>
    </p>
   </div>
  </div>
 </body>
</html>
