2809 5234
885 930 1647 1007 PHORM10.
1989 1028 1995 1032 ⁸
2112 950 2261 1025 239

338 1070 655 1200 fugitive
688 1097 707 1172 Ξ
742 1097 948 1170 etiam
983 1120 1168 1168 nunc
1210 1091 1431 1167 credis
1462 1110 1534 1164 te
1568 1090 1953 1188 ignorarier
1973 1142 2001 1180 ‚

330 1253 479 1324 Aut
510 1270 633 1324 tua
662 1248 832 1322 faita
863 1247 1039 1319 adeo
1067 1245 1213 1316 21³.
1248 1240 1487 1320 irritor
1524 1256 1573 1315 ¹.
1605 1242 1712 1313 D.
1752 1243 1907 1315 tun'
1928 1240 2109 1315 hanc
2145 1242 2268 1315 du.

715 1395 903 1444 ceres
941 1388 967 1419 ²
1001 1425 1025 1459 ,

334 1493 403 1566 Si
431 1493 555 1566 tibi
596 1495 755 1566 data
784 1492 950 1565 effet
969 1492 1005 1562 ’ἒ
1054 1491 1134 1562 Ρ.
1167 1484 1275 1559 fac
1312 1485 1670 1584 periclum.
1697 1488 1806 1560 D.
1838 1504 1922 1560 ut
1951 1486 2133 1562 filius
2167 1515 2266 1582 40

336 1634 523 1707 Cum
564 1635 683 1707 illa
720 1633 986 1707 habitet
1015 1629 1199 1730 apud
1224 1646 1319 1701 te.
1370 1626 1511 1699 hoc
1546 1623 1854 1699 vestrum
1905 1625 2270 1700 consilium

730 1760 864 1832 fuit
903 1779 951 1833 ⁵.

340 1885 430 1957 P.
473 1881 798 1976 Quaes0‚
843 1878 1013 1979 quid
1051 1901 1283 1951 narras
1316 1877 1402 1949 ⁴⁰?
1442 1880 1546 1949 D.
1578 1874 1748 1977 quin
1785 1875 1990 1951 tumi
2024 1893 2274 1978 argen-

731 2019 884 2074 tum
923 1998 1099 2073 cedo
1139 2018 1189 2073 τ.

337 2146 435 2220 Ρ.
458 2148 680 2248 Immo
706 2171 883 2220 vero
905 2171 1197 2219 uxorem
1221 2163 1301 2219 tu
1333 2145 1537 2220 cedo.
1566 2150 1670 2220 D.
1687 2146 1761 2219 in
1779 2147 1886 2222 ius
1907 2149 2181 2226 ambula
2217 2166 2274 2226 ⁶.

340 2272 436 2344 P.
467 2272 665 2345 Enim
702 2299 878 2347 vero
910 2272 961 2354 fi
995 2291 1214 2371 p'orro
1257 2269 1393 2344 effe
1430 2271 1654 2345 odiost
1690 2274 1972 2370 pergitis
2003 2297 2059 2350 ⁷.

345 2420 452 2492 D.
494 2418 689 2511 Quid
733 2418 942 2493 facies
976 2421 1004 2468 ⁸
1036 2420 1185 2492 ἓῬ.
1224 2442 1453 2517 egone
1485 2419 1522 2491 2
1558 2442 1692 2493 vos
1723 2443 1836 2494 me
1885 2421 2216 2535 indotatip
2249 2444 2281 2483 ⁹

730 2542 948 2615 modo

2181 2564 2273 2641 45

348 2660 778 2737 Patrocinari
803 2660 1083 2736 fortaffe
1111 2662 1542 2740 arbitramini
1574 2690 1600 2738 ε

354 2966 453 3027 des
492 2964 749 3027 hominis
790 2966 1094 3030 detexerat.

445 3095 470 3135 ι
522 3075 641 3135 lam
685 3075 971 3135 transitum
1006 3074 1139 3135 facit
1169 3073 1240 3134 ad

354 3180 516 3241 senes
551 3183 731 3265 magis
757 3181 1071 3241 eludendos
1088 3227 1106 3256 ‚
1131 3182 1239 3240 ira·

357 3303 477 3345 tum
510 3284 564 3344 se
591 3285 874 3348 simulans.

440 3414 472 3450 2
520 3390 658 3452 Vim
707 3392 872 3453 habet
923 3390 1134 3466 futuri,
1182 3411 1241 3454 ut

360 3496 689 3579 saepissime.
761 3497 1136 3559 Confidenter
1186 3507 1241 3559 &

360 3623 489 3663 cum
533 3601 781 3664 clamore
822 3625 987 3686 rogat
1025 3604 1192 3664 senex
1218 3648 1237 3678 ,

360 3709 567 3771 Phanii
603 3711 783 3785 „illum
817 3733 940 3769 non
990 3709 1098 3770 effe
1140 3734 1245 3770 co-

364 3835 601 3897 gnatum
633 3816 912 3887 edoStu53
941 3814 1034 3874 sed
1060 3827 1113 3874 δι
1135 3819 1249 3873 im-

362 3915 674 3997 prudenter
723 3912 853 3972 satis
911 3912 1127 3993 profert
1177 3913 1241 3970 fi-

365 4043 547 4107 gnum
572 4023 693 4081 veri
718 4066 735 4093 ,
765 4020 923 4104 quod
954 4020 1247 4078 neminem

365 4129 509 4192 scire
546 4131 828 4211 oportuit.

428 4263 456 4321 3
484 4243 793 4325 Indignum
816 4240 1059 4312 Phanio,
1081 4260 1252 4323 quam

370 4365 559 4408 tamen
577 4345 698 4406 filio
719 4345 933 4406 servare
954 4333 1135 4430 cupit,
1157 4347 1253 4406 in-

290 4534 308 4561 x
368 4468 502 4529 apte
529 4453 791 4517 simulans
819 4456 974 4519 dicit.

1487 2992 1524 3042 4
1570 2966 1610 3028 s.
1653 2989 1806 3052 ego,
1859 2964 1999 3052 quid
2050 2988 2243 3028 narres
2269 3014 2289 3043 ,

1406 3073 1634 3149 nesci03
1659 3096 1717 3134 ut
1745 3075 1929 3135 Andr.
1962 3075 2090 3146 ΙΙΙ,
2136 3094 2291 3148 1,19.

1489 3203 1515 3256 5
1549 3182 1721 3240 Dem.
1760 3189 1815 3240 δι
1852 3179 2131 3238 Phormio
2173 3187 2290 3241 iam

1404 3308 1535 3347 cum
1552 3287 1799 3347 clamore
1833 3306 2068 3369 uterque
2093 3311 2289 3370 agunt.

1493 3404 1527 3453 6
1560 3391 1600 3453 s.
1626 3394 1685 3451 in
1712 3393 1800 3451 ius
1831 3410 1885 3450 te
1907 3410 2072 3450 voco.
2105 3394 2204 3452 lus
2232 3392 2292 3454 h.

1408 3496 1450 3559 l.
1485 3497 1677 3558 locum
1713 3496 1915 3557 iudicii
1943 3516 2119 3556 notat.

1486 3625 1519 3673 7
1569 3603 1729 3661 Don.
1795 3601 1962 3661 Vultu
2002 3602 2291 3661 iuvandum

1409 3715 1477 3793 est
1503 3712 1556 3771 6·
1573 3711 1992 3789 pronuntiatione
2015 3711 2131 3781 hoc,
2155 3713 2299 3790 quod

1411 3836 1519 3876 tam
1541 3818 1813 3877 minaciter
1833 3820 2176 3898 suspenditur.
2217 3821 2291 3880 E-

1404 3917 1666 3972 nimvero
1706 3916 2018 3993 princtpium
2082 3919 2149 3996 est
2196 3938 2295 3994 per

1408 4020 1731 4078 iracundiam
1776 4019 1959 4078 difflui
1975 4065 1994 4095 ‚
2043 4041 2102 4079 ut
2164 4019 2291 4079 Cic.

1414 4127 1587 4192 Verr.
1626 4126 1698 4199 I,
1740 4138 1836 4188 26.

1489 4243 1519 4296 8
1541 4237 1804 4296 Territus
1821 4235 2008 4304 senex,
2025 4230 2112 4288 bis
2129 4249 2296 4310 puer,

1415 4362 1602 4426 rogat.
1792 4336 1799 4342 ⁸

1499 4476 1534 4524 9
1556 4450 1762 4533 Qualis
1784 4450 1892 4514 fuit
1913 4449 2214 4512 Phanium.

2268 4725 2277 4811 Ϊ
2312 4750 2544 4856 J
