2809 5234
347 802 421 905 276
609 803 650 885 r.
698 788 1097 883 runnurrt

345 970 420 1045 Rus
433 966 565 1044 abdidit
581 966 637 1041 set
659 970 729 1044 hue
749 992 830 1043 raro
843 968 881 1041 in
895 966 1019 1079 urqu
1039 986 1238 1046 commeat.
1265 946 1314 1048 tu

339 1096 410 1167 Pl.
432 1091 530 1186 Quid
554 1090 668 1164 adhuc
691 1091 822 1164 habent
841 1088 1049 1165 infirmitatis
1068 1092 1221 1189 nuptiae
1239 1093 1286 1168 ’ἓ

345 1221 414 1293 Pa.
439 1218 542 1291 Nunc
569 1216 689 1290 audies
707 1233 734 1291 ².
754 1216 906 1314 primurn
922 1216 996 1292 dies
1020 1216 1303 1315 complusculos

263 1430 268 1441 ι
345 1340 438 1415 Bene
461 1338 675 1414 convenib'at
701 1336 781 1412 sane
803 1338 895 1412 inter
920 1362 999 1413 eas:
1019 1336 1161 1411 interim

308 1480 310 1487 '
343 1462 444 1539 Miris
463 1463 577 1537 modis
597 1462 707 1536 odisse
727 1481 738 1527 ³
765 1462 885 1561 coepit
915 1444 1127 1537 Sullratam:

345 1588 471 1687 Neque
492 1585 571 1659 lites
590 1582 682 1658 ullae
696 1582 790 1657 inter
810 1607 887 1672 eas3
903 1582 1096 1683 postulatio
1262 1608 1313 1661 to

344 1712 535 1811 Nunquam
549 1726 578 1784 ⁴.
600 1712 668 1783 Pl.
681 1708 767 1808 quid
779 1709 885 1811 igitur
901 1712 944 1781 t?
961 1712 1031 1799 Pa.
1048 1722 1064 1761 ⁴
1079 1707 1315 1808 suquandou

545 1858 621 1907 eam
646 1830 830 1905 uccelletat

344 1953 646 2045 confabulatum,
666 1952 787 2051 fugere
810 1976 829 2024 e
852 1948 1039 2049 conspeetu
1060 1949 1185 2044 illico,

346 2077 478 2155 Videre
495 2075 603 2150 nolle.
628 2073 780 2173 denique
791 2072 875 2164 ,ubi
892 2098 967 2145 non
979 2072 1057 2171 quit
1071 2073 1167 2167 pati,

344 2200 491 2276 Simulat
512 2196 547 2274 se
568 2199 612 2273 ad
632 2216 779 2273 matrem
801 2194 919 2271 arceffi
938 2197 983 2270 ad
1002 2220 1077 2269 rem
1098 2196 1304 2278 divinam?

540 2319 624 2395 abit.

345 2440 418 2517 Ubi
436 2440 509 2516 illic
528 2440 602 2516 dies
617 2437 667 2515 est
683 2438 921 2539 complureis,
941 2440 1059 2518 artelli
1076 2440 1174 2515 iubet
1192 2445 1207 2493 ⁸
1224 2469 1236 2519 t
1256 2470 1315 2524 rr<

347 2709 445 2774 nullus
459 2732 540 2772 error
558 2712 589 2771 in
606 2710 701 2775 fabul:
713 2708 792 2778 effet.
916 2740 937 2791 4
957 2716 1063 2802 Neque
1083 2717 1159 2777 inter
1178 2716 1206 2778 se
1220 2741 1315 2805 expo·

394 2839 405 2878 1
432 2815 507 2879 Phil.
539 2838 613 2902 quae
639 2820 790 2882 Bacchidis
873 2820 1315 2904 stulabant3nequealteraulte·

264 2929 271 2940 ’
345 2923 428 2989 eausa
452 2923 610 3007 speraverat
636 2925 789 2989 infirmite-

346 3053 405 3095 tetn
420 3033 604 3114 nuptiarum,
613 3031 688 3093 nihil
698 3033 791 3095 adhuc

347 3141 469 3212 videns,
491 3138 574 3223 quod·
586 3140 616 3198 in
632 3148 698 3200 'rem
708 3140 789 3202 illiut

348 3243 380 3305 fit
392 3287 401 3317 ,
414 3244 599 3325 impatienter
611 3244 738 3326 rogat,l.
750 3248 793 3306 uti

346 3347 429 3410 Dou.
443 3346 529 3420 vult,
552 3330 628 3433 quafi
651 3348 788 3431 decepta,

348 3454 466 3515 tristiori
477 3473 548 3513 voce
560 3451 617 3514 boc
631 3453 710 3515 dicit.

253 3626 256 3633 ,
390 3585 405 3620 ι
424 3558 587 3644 Respondet
596 3581 649 3637 „ut
667 3563 718 3647 qui
731 3561 790 3626 iam

346 3664 401 3749 ipsr
414 3664 570 3728 satisfacere
583 3685 674 3751 paret.

391 3793 404 3852 3
424 3771 457 3832 Id
471 3774 637 3835 coniectura
648 3774 717 3835 dicit
729 3770 790 3835 stt·

310 3890 319 3899 ‘
347 3899 409 3938 tus.
430 3875 488 3936 Sed
505 3874 677 3964 ipsumfrlli
695 3878 791 3938 osten-

348 3979 395 4039 det
410 3975 474 4037 linis
495 3973 614 4037 fabulae.
639 3979 745 4065 Neque
761 4002 790 4042 ς.

349 4078 409 4144 nim
418 4084 488 4143 odio
496 4080 553 4157 ,sed
561 4083 682 4165 pudure,
696 4087 791 4149 limui-

348 4209 435 4265 tatem
458 4188 588 4251 adversus
616 4190 729 4253 socrum
753 4193 791 4255 li-

348 4300 503 4363 mulzverat
524 4300 702 4365 Flriluntena.
784 4384 787 4391 Ι

871 2950 932 2989 ram
947 2927 1048 2990 detulit
1055 2973 1066 3000 ,
1080 2926 1100 2988 s.
1113 2928 1266 3013 querelam
1276 2936 1315 2996 ad,

873 3033 970 3095 versus
978 3056 1041 3096 eam
1057 3031 1240 3128 interposuit.

882 3146 889 3155 “
915 3164 929 3220 5
948 3144 980 3206 Si
993 3143 1051 3206 hoc
1070 3143 1221 3217 nonfuit,
1248 3152 1315 3232 quid

875 3270 946 3335 ergo
966 3252 979 3313 l

880 3428 884 3436 ἱ
913 3351 1315 3444 6Serrusiamsrgna,equi·

868 3454 922 3513 bur
932 3455 1033 3514 odium
1049 3459 1235 3535 coniecerat,
1257 3486 1315 3525 non

872 3579 930 3625 tant
938 3583 1042 3638 narrat,
1053 3585 1138 3649 quarn
1153 3568 1315 3649 repraesen·

872 3684 912 3729 tat
947 3667 1051 3751 plnna,
1073 3669 1151 3731 brevi
1173 3680 1201 3732 &
1225 3679 1315 3739 credi·

873 3775 926 3838 bili
944 3780 1086 3840 oratione.

915 3903 932 3953 7
943 3880 1000 3945 lut.
1012 3882 1186 3961 faciendam
1197 3886 1233 3947 cf.
1242 3888 1315 3955 Eun

872 3984 935 4058 ΙΙΙ,
961 4004 998 4064 3,
1028 4010 1056 4059 7.
1078 3989 1126 4067 Ad
1152 3990 1226 4051 hanc
1248 4017 1315 4058 veru

871 4092 958 4151 amici
978 4102 1007 4153 δι
1035 4092 1190 4159 funiliures
1220 4108 1315 4167 vocan'

874 4193 1013 4257 solebant.

899 4311 933 4406 Ι8
957 4304 1025 4367 Scilr
1040 4304 1147 4375 socrus.
