2809 5234
1046 872 1983 990 ADELPHL''
2311 923 2416 1015 ι,

461 1074 733 1150 Verum
798 1073 1039 1174 cogito
1112 1076 1186 1149 id
1266 1075 1477 1174 quod.
1522 1099 1635 1148 res
1700 1073 1841 1161 est;
1903 1073 2187 1174 quando
2245 1094 2414 1152 eum

873 1197 1230 1296 quaestum
1271 1198 1626 1293 occeperis
1654 1251 1679 1287 ,

463 1320 896 1417 Accipiunda
943 1340 1035 1394 ‘et
1101 1319 1504 1395 muffitanda
1564 1319 1816 1392 iniuria
1875 1318 2418 1397 adolescentium

460 1559 598 1632 Sed
645 1438 1152 1634 nemoegtobitx
1198 1556 1443 1633 frustra
1475 1576 1759 1658 egomet
1802 1583 2079 1632 mecum
2127 1555 2248 1628 has
2302 1579 2423 1631 ra·

864 1682 1095 1757 tiones
1142 1699 1317 1779 puto
1355 1697 1403 1755 ⁸.

817 1918 1149 1997 CTUS
1236 1926 1353 1997 11.
1436 1925 1840 1996 SCENA
1946 1926 2180 1998 1V2.

934 2137 1365 2227 SYRUS‚
1450 2136 1927 2211 SANNIO.

459 2337 583 2429 Sy.
631 2235 950 2415 TAce
983 2351 1003 2393 ³
1044 2351 1385 2434 ‚egomet
1418 2332 1835 2408 conveniam
1866 2331 2137 2430 ipsum.
2166 2331 2420 2432 cupide

859 2457 1154 2555 accipiat
1196 2459 1334 2530 iam
1359 2455 1522 2529 faxo
1544 2473 1805 2554 ,atque
1841 2456 2052 2528 etiam

464 2578 649 2648 Bene
703 2575 887 2648 dicat
935 2575 1165 2649 secum
1203 2575 1337 2649 effe
1377 2576 1626 2648 aetum.
1674 2576 1843 2676 quid
1883 2575 2096 2667 istuc,
2134 2575 2423 2669 Sannio,

861 2697 958 2770 est
1002 2715 1076 2788 ⁴,
1130 2697 1326 2796 quod
1364 2714 1436 2768 te
1469 2696 1682 2769 audio

463 2816 717 2897 Nescio
741 2821 910 2922 quid
965 2838 988 2882 τ
1051 2813 1473 2892 concertasse
1514 2825 1544 2862 ⁸
1602 2837 1761 2885 cum
1807 2814 1981 2887 hero
2003 2819 2039 2886 ἲ
2075 2822 2196 2889 Sa.
2236 2841 2420 2891 nun·

862 2959 1074 3039 quam
1114 2933 1263 3010 vidi
1298 2932 1604 3032 iniquius

551 3149 580 3188 ι
613 3126 838 3206 Quibus
879 3125 1025 3186 tatio
1069 3129 1350 3208 pecuniae

461 3232 597 3298 oum
630 3235 762 3296 aliis
801 3233 1053 3315 putanda
1080 3235 1159 3293 est
1182 3279 1204 3306 ,
1232 3232 1351 3295 stu.

464 3349 574 3407 stra
608 3368 733 3406 eam
758 3363 959 3426 putant
992 3341 1131 3424 ipfi,
1159 3341 1198 3402 s.
1225 3335 1349 3403 ftu-

1515 3123 1792 3186 submittit
1823 3125 2067 3210 Syrum,
2106 3128 2206 3210 qui
2230 3126 2419 3208 ipsun

1512 3252 1852 3318 permoveat
1899 3234 1969 3295 ad
2003 3234 2421 3315 accipiendum

1517 3343 1787 3425 pretium.
1825 3342 1940 3402 Sed
1974 3340 2115 3402 leno
2143 3341 2266 3400 iam'
2292 3338 2419 3422 ipse

1514 3451 1570 3509 ei
1605 3449 1881 3510 inhiabat.
1919 3447 2153 3508 Comici
2180 3443 2354 3506 lusus.

1605 3580 1629 3637 3
1654 3559 1786 3642 Syri
1808 3557 2154 3639 egredientis
2174 3554 2415 3638 respon-

949 3447 1003 3511 se
1051 3450 1343 3511 habituros

383 3447 391 3456 ⁶
459 3454 574 3515 stra
623 3451 850 3536 sperant
878 3498 896 3528 ‚

461 3557 574 3624 effe
602 3564 936 3646 pecuniam,
967 3562 1071 3622 nisi
1095 3560 1235 3624 alter
1253 3562 1349 3620 de-

247 4014 260 4023 ·
368 3995 375 4006 “
470 4003 547 4040 20
584 3981 784 4041 minaS.

469 3674 632 3732 derit.
679 3675 747 3734 In
772 3672 902 3755 ipsu
934 3693 1122 3733 autem
1144 3672 1350 3753 despe-

468 3780 691 3836 ratione
729 3780 799 3838 de
829 3781 1075 3859 pecunia
1103 3800 1354 3858 praepa-

471 3878 625 3936 :atio
692 3879 771 3935 est
854 3879 927 3937 ad
996 3880 1359 3956 accipiendas

843 3981 936 4042 De
983 3980 1232 4041 formula
1268 4006 1357 4042 ra-

464 4091 631 4154 tiones
655 4110 845 4172 putare
879 4089 949 4151 cf.
989 4090 1235 4152 Taubm.
1277 4092 1350 4154 ad

462 4194 649 4258 Plaut.
687 4198 1046 4273 Au1u1.111,
1082 4220 1150 4275 5,
1178 4221 1271 4280 53.

548 4323 580 4358 2
628 4300 947 4364 Aeschinus
984 4303 1133 4364 clam
1167 4302 1265 4364 fibi
1314 4327 1350 4366 a

464 4405 696 4477 lenonis
713 4412 1071 4479 contumacia
1082 4430 1345 4478 metuens

1519 3669 1661 3743 sum,
1707 3669 1866 3754 quod
1918 3666 2213 3729 Aeschino
2270 3665 2410 3730 fecit

1519 3776 1807 3837 ultimum.

1611 3905 1649 3953 4
1692 3879 1805 3938 His
1845 3879 2116 3943 lenonem
2147 3882 2247 3943 fibi
2293 3879 2405 3939 ob·-

1523 3984 1680 4042 vium
1717 3984 1920 4048 clarius
1952 3989 2287 4073 alloquitur.

1599 4115 1625 4170 5
1646 4095 1931 4160 simulans
1952 4101 2023 4160 fic
2036 4100 2195 4168 dicit,
2212 4114 2272 4156 ut
2287 4093 2409 4155 elo-

1517 4223 1719 4286 quatur
1753 4205 1970 4267 Sannio
1992 4253 2010 4280 ,
2051 4205 2202 4264 unde
2238 4203 2408 4287 ipsius

1514 4303 1892 4386 persuadendi
1942 4309 2174 4367 initium
2219 4306 2299 4369 fit.

1597 4421 1630 4471 6
1651 4400 1659 4408 ’
1681 4411 2010 4476 Honestum
2056 4432 2283 4476 nonen
2314 4415 2403 4485 azi-
