2809 5234
723 276 729 280 .
990 266 1001 278 Ι

1037 309 1040 316 .

273 787 347 862 340
513 767 557 840 r.
607 763 1001 841 Teanum

271 926 461 1003 Prodemus
472 930 598 1028 quaeso
612 928 751 1027 potius?
764 930 948 1030 quaehaee
956 927 1109 1004 amentia
1120 927 1199 1008 est?
1213 951 1273 1033 50

270 1054 461 1129 Enimvero
484 1052 623 1149 prorsus
645 1051 714 1124 iam
729 1069 842 1126 tacere
862 1063 873 1097 ¹
890 1076 963 1124 non
978 1076 1093 1150 queo:

269 1180 361 1255 Nam
377 1177 472 1277 cogis
483 1204 540 1270 ea,
555 1205 644 1279 quae
655 1175 763 1270 nolo,
777 1198 818 1253 ut
831 1178 1007 1277 praesente
1019 1178 1089 1253 hoc
1104 1179 1271 1281 loquar.

269 1308 429 1406 Ignarum
448 1302 564 1378 censes
575 1322 711 1377 tuarum
728 1303 957 1376 lacrumarum
976 1299 1043 1374 effe
1058 1327 1118 1374 me
1139 1305 1186 1379 ²?

268 1431 360 1517 Aut,
374 1424 459 1525 quid
480 1424 520 1498 fit
535 1423 592 1513 id,
606 1423 703 1521 quod
717 1420 901 1494 sollicitere
912 1421 957 1494 ad
968 1421 1060 1494 hunc
1069 1423 1267 1501 modum?

268 1551 435 1642 Primum,
446 1550 533 1623 hanc
546 1548 606 1621 ubi
616 1547 703 1621 dixti
718 1544 869 1636 causam,
881 1564 916 1619 te
930 1560 1075 1641 propter
1086 1562 1195 1618 tuam
1212 1571 1258 1647 55

267 1672 415 1744 Matrem
436 1675 508 1741 non
526 1663 622 1764 poffe
644 1664 772 1741 habere
791 1664 880 1737 hanc
903 1686 1051 1734 uxorem
1067 1659 1206 1747 d0mi;

267 1793 427 1867 Pollicita
443 1785 491 1864 est
511 1816 570 1881 ea,
586 1789 620 1862 se
633 1787 869 1864 conceffuram
883 1811 927 1859 ex
939 1784 1096 1859 aedibus.

265 1918 389 2009 Nunc',
409 1916 591 2016 postquam
607 1914 801 2014 ademptam
815 1914 904 1987 hanc
921 1935 1063 2015 quoque
1079 1909 1149 1983 tibi
1163 1937 1258 1985 cau·

427 2074 430 2079 >
455 2037 525 2112 sam
542 2038 665 2125 vides;

265 2163 354 2235 Puer
377 2160 459 2261 quia
483 2162 572 2234 clam
597 2181 632 2235 te
647 2160 695 2234 est
715 2180 815 2234 natus
830 2160 981 2289 ‚xnaeius
1006 2158 1153 2231 alteram
1172 2186 1224 2235 es.

263 2289 381 2375 Erras,
404 2287 457 2359 tui
484 2286 591 2360 animi
615 2286 640 2358 st
662 2312 718 2358 me
739 2286 807 2360 effe
826 2287 985 2386 ignarum
1006 2302 1106 2381 putas
1127 2301 1154 2354 ⁵.
1195 2289 1250 2358 60
1293 2347 1296 2351 .

263 2410 463 2508 Aliquando
499 2411 638 2485 tandem
674 2409 744 2487 huc
771 2430 789 2476 4
816 2413 969 2487 animum
997 2429 1038 2484 ut
1071 2391 1249 2508 adiungas

459 2555 590 2628 tuum,

170 2701 175 2707 ·
263 2658 382 2750 Quam
402 2657 546 2759 longum
566 2661 713 2762 spatium
733 2663 868 2736 amandi
885 2662 1028 2735 amicam
1047 2656 1112 2730 tibi
1132 2656 1246 2730 dedi?

261 2783 446 2880 Sumptus,
463 2809 553 2882 quos
573 2785 681 2861 fecisti
699 2786 736 2860 in
755 2811 842 2880 eam,
863 2811 966 2885 quam
981 2782 1097 2855 animo
1118 2807 1244 2881 aequo

459 2909 583 2980 tulit?

983 3005 1004 3042 θ

305 3140 318 3179 r
343 3119 391 3180 Est
406 3118 465 3181 scil.
487 3140 659 3201 parentum,
673 3139 703 3182 ut

260 3222 387 3286 filiomm
405 3228 492 3300 vitia,
508 3229 638 3310 quamvis
651 3227 704 3308 ipst

258 3329 427 3410 improbent
438 3375 447 3403 ,
460 3351 507 3410 ap.
520 3329 593 3389 alios
606 3329 705 3390 occul·

260 3460 289 3502 ta
303 3438 358 3502 esse
374 3443 478 3521 velim3
505 3442 541 3503 cf.
565 3444 661 3505 Andr.
674 3445 707 3517 1,
773 3434 775 3438 Α

262 3568 275 3610 ι
290 3595 299 3623 ,
317 3570 472 3621 117-120.

280 3676 296 3710 2
307 3656 429 3733 Apparet
434 3657 702 3738 illumaSoflmtaatt·

258 3762 316 3822 dlvi
337 3785 359 3821 e.
373 3763 448 3821 Nam
459 3764 604 3842 ipfitfilistm
616 3766 703 3844 depre-

257 3870 381 3930 henderat
402 3870 597 3933 lacrimantem.
620 3874 702 3935 Don.

259 3967 310 4040 cf.
323 3976 366 4034 III
379 4021 390 4047 ,
403 4000 440 4049 4,
452 4001 480 4050 4.

302 4102 316 4158 3
346 4079 463 4141 Tertius
485 4084 573 4164 igitur
600 4105 701 4159 error,

259 4207 320 4271 quo
341 4187 450 4250 Laches
468 4213 544 4254 nunc
562 4191 654 4259 filium
668 4194 702 4254 in
717 4239 720 4242 .

260 4297 371 4358 erimen
388 4319 482 4364 vocat.

825 3120 906 3198 4Ad
923 3140 1052 3181 uxorem.
1067 3114 1242 3199 Constare,

787 3231 876 3307 Quam
888 3229 907 3288 l.
914 3229 959 3310 sp.
971 3252 996 3288 a
1008 3251 1035 3287 a.
1048 3245 1067 3287 t.
1078 3229 1162 3286 dedi-
1167 3235 1242 3311 tuli5

786 3336 942 3394 attendam
969 3336 1007 3394 al.
1024 3334 1158 3415 affingas
1185 3341 1242 3400 huc

785 3467 830 3506 an.
843 3447 943 3506 tuum?

827 3575 841 3631 5
864 3551 973 3616 Filium
990 3553 1118 3618 lenitatis
1141 3557 1240 3646 suae,

785 3680 842 3745 qua
852 3659 947 3743 ipsum
963 3684 996 3723 ea
1009 3684 1080 3747 quae
1093 3663 1149 3725 fert
1164 3674 1239 3731 ado·

784 3765 920 3829 lescentia
932 3767 1023 3830 facete
1040 3763 1134 3850 passus
1148 3794 1214 3835 erat
1226 3823 1239 3848 ,

785 3875 904 3958 caspe,
924 3898 955 3940 tet
972 3880 1084 3940 tandem
1106 3883 1239 3950 meliora

784 3982 918 4063 saperet,
952 4004 1112 4052 memorem
1142 3988 1236 4071 facit,

783 4088 859 4145 unde
877 4089 901 4146 is
919 4088 946 4147 se
962 4090 1036 4170 patri
1060 4088 1236 4156 devinfium

783 4193 1236 4277 multimodisintelligeret3deiu

784 4300 864 4384 quod
885 4299 958 4361 olim
980 4302 1055 4382 patri
1077 4303 1236 4374 obsecutus
