2809 5234
859 953 1617 1066 PJ-IORMIO.
2118 976 2260 1047 249

335 1125 475 1197 Iam
495 1139 644 1197 tum
678 1135 824 1193 erat
858 1118 1060 1192 senex
1100 1136 1119 1167 ¹
1152 1172 1180 1206 ,
1213 1114 1516 1187 sene&us
1543 1114 1591 1184 fi
1611 1113 2044 1186 verecundos
2073 1113 2265 1189 facit.

332 1253 448 1320 An
480 1271 633 1323 mea
671 1244 895 1318 forma
926 1261 1135 1341 atque
1180 1260 1364 1312 aetas
1405 1263 1589 1312 nunc
1621 1236 1833 1334 magis
1876 1239 2263 1332 expe-tenda

726 1366 822 1439 est
855 1382 881 1412 ²
907 1419 929 1452 ‚
964 1361 1322 1458 Demipho
1353 1365 1380 1434 ἓ
2169 1379 2256 1457 35

331 1491 528 1585 Quid
559 1491 656 1563 mi
693 1470 806 1562 h'ic
830 1487 1027 1560 affers
1066 1505 1086 1548 Ξ
1110 1540 1137 1574 ,
1177 1508 1384 1583 quam
1425 1482 1704 1555 obrem
1731 1479 2111 1578 exspectem
2141 1501 2263 1554 aut

720 1610 1027 1708 sperem,
1064 1631 1282 1704 porro
1321 1630 1468 1676 non
1499 1602 1653 1676 fore
1684 1624 1716 1669 4
1743 1604 1778 1673 2³

328 1737 422 1808 P.
440 1728 1187 1832 Exsequias‚Chremeti
1200 1781 1225 1818 ,
1245 1727 1498 1825 quibus
1520 1725 1617 1798 est
1636 1725 2090 1800 commodum
2115 1725 2217 1797 ire
2234 1779 2263 1816 ,

720 1855 881 1925 hem
914 1869 1187 1946 tempus
1219 1850 1315 1920 est
1354 1864 1402 1920 5.
1490 1904 1497 1917 .

329 1984 438 2060 Sic
465 1983 647 2059 dabo
683 1996 760 2054 ⁶:
813 2005 939 2078 age
987 2004 1173 2052 nunc
1196 2032 1220 2069 ‚
1261 1978 1807 2072 Phormionem,
1846 1975 1967 2076 qui
2014 1975 2265 2069 volet,

706 2099 1009 2176 laceffito
1030 2126 1051 2173 z

401 2382 430 2423 1
480 2362 659 2422 Senes
692 2360 900 2420 comici
943 2380 1036 2440 ap.
1060 2359 1201 2420 Ter.

316 2470 417 2530 visi
457 2469 581 2528 sunt
623 2469 824 2528 habere
857 2466 1037 2528 LXV
1067 2466 1199 2548 plus

319 2574 511 2633 minus
557 2592 761 2631 annos.
818 2572 1015 2653 Itaque
1065 2591 1199 2630 ante

317 2678 445 2741 XV
463 2701 647 2739 annos
668 2678 808 2738 Chr.
834 2699 1048 2737 annum
1071 2699 1200 2759 age-

318 2788 412 2849 bat
448 2785 564 2848 fere
595 2785 667 2846 L.
701 2786 813 2846 Sed
837 2785 1104 2845 Seniores
1129 2805 1200 2842 ex

316 2890 619 2973 disciplina
693 2888 980 2951 Varronis
1057 2889 1193 2948 teste

313 2998 639 3062 Censorino
689 3018 736 3057 c.
794 3018 867 3070 14
914 2993 1193 3056 vocaban-

311 3124 404 3164 tur
442 3104 503 3161 in
541 3120 741 3184 quarto
789 3099 966 3182 gradu
996 3099 1065 3158 ab
1099 3121 1191 3160 an.

309 3191 492 3254 XLV
534 3196 605 3254 ad
647 3217 736 3254 an.
766 3194 927 3269 LX;
965 3197 1102 3254 hinc
1139 3205 1208 3256 δε.

310 3298 641 3374 Hannibal,
680 3322 806 3360 cum
851 3299 1031 3362 XLV
1059 3324 1191 3363 ann.

307 3406 577 3483 haberet,
617 3406 808 3468 senem
852 3410 916 3469 in
944 3411 1189 3491 patriam

303 3502 590 3569 tevertiffe
638 3506 694 3568 se
750 3510 886 3570 dicit
923 3533 1018 3593 ap.
1050 3511 1182 3573 Liv.

303 3611 533 3687 XXX,
584 3638 677 3695 30.
779 3650 785 3655 ·

388 3747 419 3781 2
451 3725 607 3807 Ergo
637 3749 745 3786 nec
777 3729 1039 3810 cupiebat
1066 3752 1181 3790 ma-

303 3829 481 3896 ritum
502 3852 534 3889 a
556 3830 610 3888 se
629 3832 885 3912 abigere:
909 3836 1065 3917 quod
1084 3835 1186 3894 ille

303 3935 516 3994 veritus
559 3955 677 3995 erat
699 3981 718 4010 ,
767 3936 804 3995 fi
865 3938 1180 4000 rescisceret

302 4062 481 4115 uxor,
510 4045 584 4102 A.
612 4042 737 4116 IV,
773 4064 795 4102 1
821 4089 837 4117 ‚
874 4066 941 4113 19
964 4043 1045 4129 sq.
1069 4046 1184 4106 Sed

299 4167 418 4208 erat
446 4149 824 4230 oggannitura
845 4170 1147 4230 perpetuo-

384 4275 413 4332 3
463 4254 597 4315 Scil.
617 4277 727 4337 pro
746 4276 1082 4339 argumento
1107 4258 1177 4321 ad

299 4357 464 4443 spem
504 4361 840 4425 faciendam.

379 4497 421 4548 4
452 4475 707 4539 callidius
727 4496 762 4551 ,·
788 4478 980 4562 inquit
1013 4480 1177 4543 Don.

1367 2361 1462 2441 ”fi
1495 2361 1564 2442 est
1604 2361 1683 2419 ad
1714 2377 1993 2419 extremum
2024 2359 2257 2434 nep-71

1366 2470 1390 2541 (
1409 2469 1901 2552 interrogatione)
1927 2462 2168 2549 conversa
2177 2470 2261 2563 ‘ad

1361 2573 1526 2653 ipsum
1556 2568 1863 2653 desenffirem
1907 2573 2096 2631 mariti.
2158 2571 2254 2628 De

1363 2702 1469 2760 qua
1505 2681 1564 2738 νὶ
1601 2679 2014 2739 contradiflionis
2047 2677 2256 2735 exultat

1353 2788 1618 2866 parasitus
1641 2829 1662 2860 ,
1703 2802 1968 2864 tamquam
2027 2778 2251 2858 confkblo

1356 2908 1650 2969 mortuoque
1689 2890 1987 2967 adversario
2003 2890 2123 2969 fixo-

1443 3016 1470 3071 5
1506 2994 1805 3056 Exsultans
1834 2997 1896 3053 in
1930 2996 2040 3054 hoc
2069 3019 2247 3076 para·-

1357 3100 1487 3160 fiti‘is
1519 3099 1589 3160 ad
1621 3099 1966 3180 spee'tatorcs
1994 3118 2245 3156 conver-

1361 3199 1532 3269 titur,
1569 3197 1756 3259 casum
1803 3198 2125 3259 Chremetis
2152 3199 2249 3260 fii-

1356 3305 1483 3362 neri
1521 3325 1848 3385 comparat,
1902 3313 1954 3364 &
2001 3327 2248 3385 praeco-⁴

1353 3416 1509 3470 nem'
1532 3410 1744 3472 funeris
1773 3414 1908 3495 agit.
1938 3412 2087 3489 (Pro
2109 3415 2245 3474 fletu

1346 3520 1621 3574 nuncerit
1640 3516 1776 3576 risus
1797 3519 2240 3599 {pestatorum.)

1344 3622 1626 3685 Formula
1676 3622 1977 3687 indicendi
2020 3627 2236 3688 funeris

1346 3754 1464 3792 erat
1493 3734 1808 3795 sollennis:
1859 3739 1924 3797 L.
1963 3740 2131 3796 Titius
2154 3739 2237 3797 νὶ-

1349 3842 1450 3900 xit.
1509 3843 1575 3901 L.
1647 3845 1783 3902 Titio
1844 3846 2111 3924 exsequias
2161 3843 2236 3901 ire

1347 3950 1470 4026 quoi
1499 3954 1815 4010 commodum
1840 3955 1922 4031 est.
1946 3954 2009 4010 H
2013 3973 2085 4010 em
2102 3969 2233 4009 tem-

1332 4073 1445 4131 pus
1481 4058 1563 4135 est.
1623 4058 1781 4117 Ollus
1821 4058 2059 4136 exfirtor.

1432 4166 1464 4215 6
1495 4155 1770 4222 For-mula
1790 4160 2110 4221 insultantis
2138 4160 2230 4220 ul-

1342 4262 1522 4338 toris;
1564 4262 1636 4325 cf.
1669 4267 1848 4328 Plaut.
1908 4267 2066 4325 Men.
2098 4266 2225 4341 IV,

1345 4390 1418 4442 2,
1455 4391 1534 4443 40
1574 4378 1630 4429 δι
1668 4369 1988 4444 64‚Pseud.
2024 4372 2089 4445 I,
2140 4397 2171 4432 2
2205 4419 2226 4449 ,

1343 4504 1439 4545 22.
1473 4484 1597 4546 Iam
1612 4480 1667 4544 se
1682 4481 1920 4568 superbe
1948 4487 2094 4569 gerit
2108 4507 2223 4570 pro
