<?xml version="1.0" encoding="UTF-8"?>
<!DOCTYPE html PUBLIC "-//W3C//DTD XHTML 1.0 Transitional//EN"
    "http://www.w3.org/TR/xhtml1/DTD/xhtml1-transitional.dtd">
<html xmlns="http://www.w3.org/1999/xhtml" xml:lang="en" lang="en">
 <head>
  <title>
</title>
<meta http-equiv="Content-Type" content="text/html;charset=utf-8" />
  <meta name='ocr-system' content='tesseract 3.04.00' />
  <meta name='ocr-capabilities' content='ocr_page ocr_carea ocr_par ocr_line ocrx_word'/>
</head>
<body>
  <div class='ocr_page' id='page_1' title='image "./publiiterentiia00teregoog_0581.png"; bbox 0 0 2809 5234; ppageno 0'>
   <div class='ocr_carea' id='block_1_1' title="bbox 933 919 2304 1018">
    <p class='ocr_par' dir='ltr' id='par_1_1' title="bbox 933 919 2304 1018">
     <span class='ocr_line' id='line_1_1' title="bbox 933 919 2304 1018; baseline -0.003 -23"><span class='ocrx_word' id='word_1_1' title='bbox 933 919 1696 1003; x_wconf 67' lang='lat' dir='ltr'>PHORMIQJ</span> <span class='ocrx_word' id='word_1_2' title='bbox 2169 935 2304 1018; x_wconf 81' lang='lat'>225</span> 
     </span>
    </p>
   </div>
   <div class='ocr_carea' id='block_1_2' title="bbox 322 1078 2318 1427">
    <p class='ocr_par' dir='ltr' id='par_1_2' title="bbox 322 1078 2318 1427">
     <span class='ocr_line' id='line_1_2' title="bbox 322 1078 2317 1183; baseline -0.004 -21"><span class='ocrx_word' id='word_1_3' title='bbox 322 1138 329 1148; x_wconf 87' lang='lat'><strong>·</strong></span> <span class='ocrx_word' id='word_1_4' title='bbox 381 1083 491 1162; x_wconf 79' lang='lat' dir='ltr'>D.</span> <span class='ocrx_word' id='word_1_5' title='bbox 535 1085 729 1183; x_wconf 81' lang='lat' dir='ltr'>Quid</span> <span class='ocrx_word' id='word_1_6' title='bbox 753 1083 900 1159; x_wconf 78' lang='lat' dir='ltr'>est?</span> <span class='ocrx_word' id='word_1_7' title='bbox 945 1093 1011 1158; x_wconf 88' lang='lat' dir='ltr'>C.</span> <span class='ocrx_word' id='word_1_8' title='bbox 1037 1085 1220 1156; x_wconf 88' lang='lat' dir='ltr'>itane</span> <span class='ocrx_word' id='word_1_9' title='bbox 1254 1107 1496 1179; x_wconf 87' lang='lat' dir='ltr'>parum</span> <span class='ocrx_word' id='word_1_10' title='bbox 1526 1081 1692 1177; x_wconf 86' lang='lat' dir='ltr'>mihi</span> <span class='ocrx_word' id='word_1_11' title='bbox 1720 1078 1926 1152; x_wconf 83' lang='lat' dir='ltr'>fidem</span> <span class='ocrx_word' id='word_1_12' title='bbox 1959 1079 2090 1154; x_wconf 83' lang='lat' dir='ltr'>effe</span> <span class='ocrx_word' id='word_1_13' title='bbox 2129 1081 2317 1180; x_wconf 86' lang='lat' dir='ltr'>apud</span> 
     </span>
     <span class='ocr_line' id='line_1_3' title="bbox 763 1200 1921 1278; baseline -0.007 0"><span class='ocrx_word' id='word_1_14' title='bbox 763 1208 878 1278; x_wconf 83' lang='lat' dir='ltr'>te?</span> <span class='ocrx_word' id='word_1_15' title='bbox 913 1211 1015 1275; x_wconf 90' lang='lat' dir='ltr'>D.</span> <span class='ocrx_word' id='word_1_16' title='bbox 1054 1203 1201 1274; x_wconf 86' lang='lat' dir='ltr'>vin’</span> <span class='ocrx_word' id='word_1_17' title='bbox 1242 1229 1349 1274; x_wconf 92' lang='lat' dir='ltr'>me</span> <span class='ocrx_word' id='word_1_18' title='bbox 1392 1204 1530 1275; x_wconf 89' lang='lat' dir='ltr'>hoc</span> <span class='ocrx_word' id='word_1_19' title='bbox 1575 1200 1853 1272; x_wconf 88' lang='lat' dir='ltr'>credere</span> <span class='ocrx_word' id='word_1_20' title='bbox 1886 1201 1921 1269; x_wconf 72' lang='grc' dir='ltr'>ζ)</span> 
     </span>
     <span class='ocr_line' id='line_1_4' title="bbox 377 1321 2318 1427; baseline -0.004 -21"><span class='ocrx_word' id='word_1_21' title='bbox 377 1331 549 1414; x_wconf 67' lang='grc' dir='ltr'>,νίη’</span> <span class='ocrx_word' id='word_1_22' title='bbox 605 1329 759 1402; x_wconf 85' lang='lat' dir='ltr'>satis</span> <span class='ocrx_word' id='word_1_23' title='bbox 814 1328 1193 1427; x_wconf 87' lang='lat' dir='ltr'>quaefitum</span> <span class='ocrx_word' id='word_1_24' title='bbox 1249 1327 1418 1397; x_wconf 82' lang='lat' dir='ltr'>mihi</span> <span class='ocrx_word' id='word_1_25' title='bbox 1465 1323 1635 1398; x_wconf 85' lang='lat' dir='ltr'>istuc</span> <span class='ocrx_word' id='word_1_26' title='bbox 1688 1322 1820 1396; x_wconf 83' lang='lat' dir='ltr'>effe</span> <span class='ocrx_word' id='word_1_27' title='bbox 1862 1326 1935 1392; x_wconf 78' lang='lat'>¹?</span> <span class='ocrx_word' id='word_1_28' title='bbox 1994 1348 2119 1420; x_wconf 87' lang='lat' dir='ltr'>age</span> <span class='ocrx_word' id='word_1_29' title='bbox 2173 1321 2318 1400; x_wconf 83' lang='lat' dir='ltr'>fiat.</span> 
     </span>
    </p>
   </div>
   <div class='ocr_carea' id='block_1_3' title="bbox 713 1447 1315 1550">
    <p class='ocr_par' dir='ltr' id='par_1_3' title="bbox 713 1447 1315 1550">
     <span class='ocr_line' id='line_1_5' title="bbox 713 1447 1315 1550; baseline -0.005 -28"><span class='ocrx_word' id='word_1_30' title='bbox 713 1456 719 1462; x_wconf 87' lang='grc'><strong><em>’</em></strong></span> <span class='ocrx_word' id='word_1_31' title='bbox 775 1451 987 1550; x_wconf 81' lang='lat' dir='ltr'>quid?</span> <span class='ocrx_word' id='word_1_32' title='bbox 1024 1450 1142 1521; x_wconf 91' lang='lat' dir='ltr'>illa</span> <span class='ocrx_word' id='word_1_33' title='bbox 1177 1447 1315 1519; x_wconf 84' lang='lat' dir='ltr'>filia</span> 
     </span>
    </p>
   </div>
   <div class='ocr_carea' id='block_1_4' title="bbox 385 1563 2328 2403">
    <p class='ocr_par' dir='ltr' id='par_1_4' title="bbox 385 1563 2322 1787">
     <span class='ocr_line' id='line_1_6' title="bbox 385 1563 2322 1663; baseline -0.002 -20"><span class='ocrx_word' id='word_1_34' title='bbox 385 1570 612 1643; x_wconf 82' lang='lat' dir='ltr'>Amici</span> <span class='ocrx_word' id='word_1_35' title='bbox 655 1566 870 1641; x_wconf 88' lang='lat' dir='ltr'>nostri</span> <span class='ocrx_word' id='word_1_36' title='bbox 938 1588 1013 1657; x_wconf 82' lang='lat'>²,</span> <span class='ocrx_word' id='word_1_37' title='bbox 1072 1564 1242 1663; x_wconf 88' lang='lat' dir='ltr'>quid</span> <span class='ocrx_word' id='word_1_38' title='bbox 1281 1564 1592 1637; x_wconf 86' lang='lat' dir='ltr'>futurum</span> <span class='ocrx_word' id='word_1_39' title='bbox 1649 1563 1800 1637; x_wconf 79' lang='lat' dir='ltr'>est?</span> <span class='ocrx_word' id='word_1_40' title='bbox 1844 1571 1910 1637; x_wconf 86' lang='lat' dir='ltr'>C.</span> <span class='ocrx_word' id='word_1_41' title='bbox 1974 1567 2180 1636; x_wconf 66' lang='lat' dir='ltr'>reste.</span> <span class='ocrx_word' id='word_1_42' title='bbox 2230 1572 2322 1640; x_wconf 83' lang='lat' dir='ltr'>D.</span> 
     </span>
     <span class='ocr_line' id='line_1_7' title="bbox 766 1689 1608 1787; baseline -0.007 -23"><span class='ocrx_word' id='word_1_43' title='bbox 766 1694 943 1764; x_wconf 89' lang='lat' dir='ltr'>hanc</span> <span class='ocrx_word' id='word_1_44' title='bbox 977 1691 1186 1787; x_wconf 87' lang='lat' dir='ltr'>igitur</span> <span class='ocrx_word' id='word_1_45' title='bbox 1219 1689 1608 1759; x_wconf 81' lang='lat' dir='ltr'>mittimus?</span> 
     </span>
    </p>

    <p class='ocr_par' dir='ltr' id='par_1_5' title="bbox 394 1797 2323 2026">
     <span class='ocr_line' id='line_1_8' title="bbox 394 1797 2323 1911; baseline -0.003 -19"><span class='ocrx_word' id='word_1_46' title='bbox 394 1822 473 1892; x_wconf 80' lang='lat' dir='ltr'>c,</span> <span class='ocrx_word' id='word_1_47' title='bbox 509 1797 825 1911; x_wconf 68' lang='lat' dir='ltr'>Quidni?</span> <span class='ocrx_word' id='word_1_48' title='bbox 864 1821 976 1889; x_wconf 83' lang='grc' dir='ltr'><em>ι).-</em></span> <span class='ocrx_word' id='word_1_49' title='bbox 1003 1803 1122 1885; x_wconf 71' lang='lat' dir='ltr'>ina</span> <span class='ocrx_word' id='word_1_50' title='bbox 1147 1831 1430 1884; x_wconf 76' lang='lat' dir='ltr'>maneat</span> <span class='ocrx_word' id='word_1_51' title='bbox 1454 1814 1488 1882; x_wconf 61' lang='grc' dir='ltr'><strong>τ</strong></span> <span class='ocrx_word' id='word_1_52' title='bbox 1546 1816 1622 1887; x_wconf 81' lang='lat' dir='ltr'>c,</span> <span class='ocrx_word' id='word_1_53' title='bbox 1665 1809 1776 1888; x_wconf 81' lang='lat' dir='ltr'>fic.</span> <span class='ocrx_word' id='word_1_54' title='bbox 1820 1809 1920 1886; x_wconf 84' lang='grc' dir='ltr'>ι).</span> <span class='ocrx_word' id='word_1_55' title='bbox 1969 1813 2069 1885; x_wconf 77' lang='lat' dir='ltr'>ire</span> <span class='ocrx_word' id='word_1_56' title='bbox 2111 1811 2323 1910; x_wconf 75' lang='lat' dir='ltr'>igitur</span> 
     </span>
     <span class='ocr_line' id='line_1_9' title="bbox 763 1931 1714 2026; baseline -0.004 -15"><span class='ocrx_word' id='word_1_57' title='bbox 763 1931 891 2011; x_wconf 88' lang='lat' dir='ltr'>tibi</span> <span class='ocrx_word' id='word_1_58' title='bbox 932 1938 1095 2011; x_wconf 89' lang='lat' dir='ltr'>licet</span> <span class='ocrx_word' id='word_1_59' title='bbox 1118 1990 1141 2026; x_wconf 91' lang='lat'><strong>,</strong></span> <span class='ocrx_word' id='word_1_60' title='bbox 1159 1938 1171 1945; x_wconf 75' lang='grc'><em>’</em></span> <span class='ocrx_word' id='word_1_61' title='bbox 1189 1935 1606 2008; x_wconf 70' lang='lat' dir='ltr'>Nausistrata</span> <span class='ocrx_word' id='word_1_62' title='bbox 1665 1952 1714 2007; x_wconf 61' lang='grc' dir='ltr'>ὓ.</span> 
     </span>
    </p>

    <p class='ocr_par' dir='ltr' id='par_1_6' title="bbox 388 2050 2327 2286">
     <span class='ocr_line' id='line_1_10' title="bbox 388 2050 2327 2160; baseline -0.002 -24"><span class='ocrx_word' id='word_1_63' title='bbox 388 2066 483 2138; x_wconf 87' lang='grc' dir='ltr'>Ν.</span> <span class='ocrx_word' id='word_1_64' title='bbox 523 2064 631 2137; x_wconf 85' lang='lat' dir='ltr'>Sic</span> <span class='ocrx_word' id='word_1_65' title='bbox 668 2063 792 2160; x_wconf 91' lang='lat' dir='ltr'>pol</span> <span class='ocrx_word' id='word_1_66' title='bbox 848 2050 1289 2133; x_wconf 79' lang='lat' dir='ltr'>commodius</span> <span class='ocrx_word' id='word_1_67' title='bbox 1338 2058 1472 2131; x_wconf 83' lang='lat' dir='ltr'>effe</span> <span class='ocrx_word' id='word_1_68' title='bbox 1507 2061 1579 2133; x_wconf 89' lang='lat' dir='ltr'>in</span> <span class='ocrx_word' id='word_1_69' title='bbox 1609 2083 1851 2133; x_wconf 87' lang='lat' dir='ltr'>omnes</span> <span class='ocrx_word' id='word_1_70' title='bbox 1890 2080 1922 2124; x_wconf 85' lang='lat'><strong>⁴</strong></span> <span class='ocrx_word' id='word_1_71' title='bbox 1959 2059 2258 2132; x_wconf 84' lang='lat' dir='ltr'>arbitror</span> <span class='ocrx_word' id='word_1_72' title='bbox 2296 2115 2327 2153; x_wconf 86' lang='lat'>‚</span> 
     </span>
     <span class='ocr_line' id='line_1_11' title="bbox 767 2205 2324 2286; baseline -0.003 -25"><span class='ocrx_word' id='word_1_73' title='bbox 767 2213 975 2286; x_wconf 87' lang='lat' dir='ltr'>quam</span> <span class='ocrx_word' id='word_1_74' title='bbox 1025 2205 1106 2258; x_wconf 85' lang='lat' dir='ltr'>ut</span> <span class='ocrx_word' id='word_1_75' title='bbox 1147 2208 1477 2280; x_wconf 84' lang='lat' dir='ltr'>coeperas</span> <span class='ocrx_word' id='word_1_76' title='bbox 1507 2233 1531 2273; x_wconf 86' lang='lat'>‚</span> <span class='ocrx_word' id='word_1_77' title='bbox 2226 2208 2324 2257; x_wconf 86' lang='lat'>20</span> 
     </span>
    </p>

    <p class='ocr_par' dir='ltr' id='par_1_7' title="bbox 386 2301 2328 2403">
     <span class='ocr_line' id='line_1_12' title="bbox 386 2301 2328 2403; baseline -0.004 -18"><span class='ocrx_word' id='word_1_78' title='bbox 386 2307 669 2385; x_wconf 87' lang='lat' dir='ltr'>Manere</span> <span class='ocrx_word' id='word_1_79' title='bbox 709 2311 886 2383; x_wconf 88' lang='lat' dir='ltr'>hanc</span> <span class='ocrx_word' id='word_1_80' title='bbox 927 2336 944 2381; x_wconf 74' lang='grc' dir='ltr'><strong><em>ε</em></strong></span> <span class='ocrx_word' id='word_1_81' title='bbox 992 2333 1150 2380; x_wconf 87' lang='lat' dir='ltr'>nam</span> <span class='ocrx_word' id='word_1_82' title='bbox 1187 2305 1612 2403; x_wconf 87' lang='lat' dir='ltr'>perliberalis</span> <span class='ocrx_word' id='word_1_83' title='bbox 1645 2301 1790 2378; x_wconf 85' lang='lat' dir='ltr'>visa</span> <span class='ocrx_word' id='word_1_84' title='bbox 1840 2302 1975 2394; x_wconf 87' lang='lat' dir='ltr'>est,</span> <span class='ocrx_word' id='word_1_85' title='bbox 2017 2326 2175 2377; x_wconf 86' lang='lat' dir='ltr'>cum</span> <span class='ocrx_word' id='word_1_86' title='bbox 2216 2305 2328 2378; x_wconf 85' lang='lat' dir='ltr'>vi-</span> 
     </span>
    </p>
   </div>
   <div class='ocr_carea' id='block_1_5' title="bbox 767 2429 1106 2533">
    <p class='ocr_par' dir='ltr' id='par_1_8' title="bbox 767 2429 1106 2533">
     <span class='ocr_line' id='line_1_13' title="bbox 767 2429 1106 2533; baseline -0.003 -32"><span class='ocrx_word' id='word_1_87' title='bbox 767 2431 884 2516; x_wconf 91' lang='lat' dir='ltr'>di,</span> <span class='ocrx_word' id='word_1_88' title='bbox 913 2429 1106 2533; x_wconf 80' lang='lat' dir='ltr'>mihi.</span> 
     </span>
    </p>
   </div>
   <div class='ocr_carea' id='block_1_6' title="bbox 390 2544 2331 2990">
    <p class='ocr_par' dir='ltr' id='par_1_9' title="bbox 390 2544 2331 2763">
     <span class='ocr_line' id='line_1_14' title="bbox 390 2544 2331 2648; baseline -0.003 -23"><span class='ocrx_word' id='word_1_89' title='bbox 390 2546 495 2625; x_wconf 86' lang='lat' dir='ltr'>D.</span> <span class='ocrx_word' id='word_1_90' title='bbox 553 2552 749 2644; x_wconf 82' lang='lat' dir='ltr'>Quid</span> <span class='ocrx_word' id='word_1_91' title='bbox 798 2549 968 2624; x_wconf 88' lang='lat' dir='ltr'>istuc</span> <span class='ocrx_word' id='word_1_92' title='bbox 1017 2547 1280 2648; x_wconf 85' lang='lat' dir='ltr'>negotii</span> <span class='ocrx_word' id='word_1_93' title='bbox 1327 2549 1423 2622; x_wconf 89' lang='lat' dir='ltr'>est</span> <span class='ocrx_word' id='word_1_94' title='bbox 1489 2551 1564 2623; x_wconf 74' lang='lat'>5?</span> <span class='ocrx_word' id='word_1_95' title='bbox 1646 2548 1723 2622; x_wconf 89' lang='lat' dir='ltr'>C.</span> <span class='ocrx_word' id='word_1_96' title='bbox 1767 2545 2002 2619; x_wconf 74' lang='lat' dir='ltr'>iamne</span> <span class='ocrx_word' id='word_1_97' title='bbox 2050 2544 2331 2643; x_wconf 87' lang='lat' dir='ltr'>operuit</span> 
     </span>
     <span class='ocr_line' id='line_1_15' title="bbox 777 2666 2085 2763; baseline -0.004 -21"><span class='ocrx_word' id='word_1_98' title='bbox 777 2667 1028 2742; x_wconf 89' lang='lat' dir='ltr'>ostium</span> <span class='ocrx_word' id='word_1_99' title='bbox 1066 2672 1141 2741; x_wconf 82' lang='lat'>⁶?</span> <span class='ocrx_word' id='word_1_100' title='bbox 1181 2673 1277 2741; x_wconf 89' lang='lat' dir='ltr'>D.</span> <span class='ocrx_word' id='word_1_101' title='bbox 1321 2669 1480 2742; x_wconf 90' lang='lat' dir='ltr'>iam.</span> <span class='ocrx_word' id='word_1_102' title='bbox 1526 2672 1603 2742; x_wconf 83' lang='lat' dir='ltr'>C.</span> <span class='ocrx_word' id='word_1_103' title='bbox 1647 2694 1696 2740; x_wconf 81' lang='lat' dir='ltr'>o</span> <span class='ocrx_word' id='word_1_104' title='bbox 1737 2666 2085 2763; x_wconf 84' lang='lat' dir='ltr'>Iuppiter!</span> 
     </span>
    </p>

    <p class='ocr_par' dir='ltr' id='par_1_10' title="bbox 392 2787 2329 2990">
     <span class='ocr_line' id='line_1_16' title="bbox 392 2787 2329 2887; baseline -0.002 -22"><span class='ocrx_word' id='word_1_105' title='bbox 392 2789 497 2866; x_wconf 86' lang='lat' dir='ltr'>Di</span> <span class='ocrx_word' id='word_1_106' title='bbox 543 2814 678 2865; x_wconf 87' lang='lat' dir='ltr'>nos</span> <span class='ocrx_word' id='word_1_107' title='bbox 709 2787 1081 2886; x_wconf 84' lang='lat' dir='ltr'>respiciunt</span> <span class='ocrx_word' id='word_1_108' title='bbox 1114 2805 1187 2860; x_wconf 82' lang='lat'>⁷:</span> <span class='ocrx_word' id='word_1_109' title='bbox 1225 2805 1497 2886; x_wconf 81' lang='lat' dir='ltr'>gnatam</span> <span class='ocrx_word' id='word_1_110' title='bbox 1546 2789 1786 2867; x_wconf 82' lang='lat' dir='ltr'>inveni</span> <span class='ocrx_word' id='word_1_111' title='bbox 1832 2808 2123 2887; x_wconf 85' lang='lat' dir='ltr'>nuptam</span> <span class='ocrx_word' id='word_1_112' title='bbox 2170 2811 2329 2865; x_wconf 87' lang='lat' dir='ltr'>cum</span> 
     </span>
     <span class='ocr_line' id='line_1_17' title="bbox 747 2913 1565 2990; baseline 0 -1"><span class='ocrx_word' id='word_1_113' title='bbox 747 2962 759 2972; x_wconf 88' lang='lat'><strong>·</strong></span> <span class='ocrx_word' id='word_1_114' title='bbox 810 2935 939 2989; x_wconf 83' lang='lat' dir='ltr'>tuo</span> <span class='ocrx_word' id='word_1_115' title='bbox 984 2913 1157 2988; x_wconf 82' lang='lat' dir='ltr'>filio.</span> <span class='ocrx_word' id='word_1_116' title='bbox 1201 2919 1307 2990; x_wconf 91' lang='lat' dir='ltr'>D.</span> <span class='ocrx_word' id='word_1_117' title='bbox 1352 2915 1565 2989; x_wconf 80' lang='lat' dir='ltr'>hem!</span> 
     </span>
    </p>
   </div>
   <div class='ocr_carea' id='block_1_7' title="bbox 393 3143 1291 4390">
    <p class='ocr_par' dir='ltr' id='par_1_11' title="bbox 394 3143 1286 3442">
     <span class='ocr_line' id='line_1_18' title="bbox 394 3143 1286 3238; baseline -0.003 -22"><span class='ocrx_word' id='word_1_118' title='bbox 394 3148 674 3216; x_wconf 84' lang='lat' dir='ltr'>excitatur</span> <span class='ocrx_word' id='word_1_119' title='bbox 690 3157 760 3217; x_wconf 89' lang='lat' dir='ltr'>ad</span> <span class='ocrx_word' id='word_1_120' title='bbox 778 3147 1173 3238; x_wconf 82' lang='lat' dir='ltr'>suspicandum</span> <span class='ocrx_word' id='word_1_121' title='bbox 1188 3143 1286 3214; x_wconf 80' lang='lat' dir='ltr'>fra-</span> 
     </span>
     <span class='ocr_line' id='line_1_19' title="bbox 397 3262 1279 3337; baseline -0.002 -15"><span class='ocrx_word' id='word_1_122' title='bbox 397 3263 499 3322; x_wconf 85' lang='lat' dir='ltr'>tris</span> <span class='ocrx_word' id='word_1_123' title='bbox 535 3280 779 3337; x_wconf 78' lang='lat' dir='ltr'>metum3</span> <span class='ocrx_word' id='word_1_124' title='bbox 812 3262 1055 3322; x_wconf 86' lang='lat' dir='ltr'><strong>necdum</strong></span> <span class='ocrx_word' id='word_1_125' title='bbox 1089 3281 1279 3322; x_wconf 79' lang='lat' dir='ltr'>tamen</span> 
     </span>
     <span class='ocr_line' id='line_1_20' title="bbox 396 3366 805 3442; baseline 0 -17"><span class='ocrx_word' id='word_1_126' title='bbox 396 3366 553 3425; x_wconf 81' lang='lat' dir='ltr'>videt</span> <span class='ocrx_word' id='word_1_127' title='bbox 592 3385 805 3442; x_wconf 78' lang='lat' dir='ltr'>verum.</span> 
     </span>
    </p>

    <p class='ocr_par' dir='ltr' id='par_1_12' title="bbox 393 3454 1283 3762">
     <span class='ocr_line' id='line_1_21' title="bbox 487 3454 1283 3544; baseline 0.004 -15"><span class='ocrx_word' id='word_1_128' title='bbox 487 3492 509 3529; x_wconf 90' lang='lat'>1</span> <span class='ocrx_word' id='word_1_129' title='bbox 537 3460 593 3530; x_wconf 62' lang='lat' dir='ltr'>lx.</span> <span class='ocrx_word' id='word_1_130' title='bbox 615 3491 665 3530; x_wconf 87' lang='lat' dir='ltr'>e.</span> <span class='ocrx_word' id='word_1_131' title='bbox 687 3468 840 3529; x_wconf 87' lang='lat' dir='ltr'>visne</span> <span class='ocrx_word' id='word_1_132' title='bbox 858 3454 989 3544; x_wconf 85' lang='lat' dir='ltr'>,me</span> <span class='ocrx_word' id='word_1_133' title='bbox 1022 3458 1169 3532; x_wconf 85' lang='lat' dir='ltr'>ultra</span> <span class='ocrx_word' id='word_1_134' title='bbox 1186 3471 1283 3533; x_wconf 85' lang='lat' dir='ltr'>ni-</span> 
     </span>
     <span class='ocr_line' id='line_1_22' title="bbox 393 3564 1276 3656; baseline 0.002 -26"><span class='ocrx_word' id='word_1_135' title='bbox 393 3564 482 3631; x_wconf 86' lang='lat' dir='ltr'>hil</span> <span class='ocrx_word' id='word_1_136' title='bbox 514 3593 778 3656; x_wconf 84' lang='lat' dir='ltr'>quaerere</span> <span class='ocrx_word' id='word_1_137' title='bbox 806 3582 825 3630; x_wconf 76' lang='lat'><em>2</em></span> <span class='ocrx_word' id='word_1_138' title='bbox 856 3567 953 3633; x_wconf 86' lang='lat' dir='ltr'>Sic</span> <span class='ocrx_word' id='word_1_139' title='bbox 995 3591 1131 3630; x_wconf 85' lang='lat' dir='ltr'>vero</span> <span class='ocrx_word' id='word_1_140' title='bbox 1158 3589 1276 3632; x_wconf 85' lang='lat' dir='ltr'>tan·</span> 
     </span>
     <span class='ocr_line' id='line_1_23' title="bbox 398 3680 1276 3762; baseline 0.002 -22"><span class='ocrx_word' id='word_1_141' title='bbox 398 3681 529 3740; x_wconf 81' lang='lat' dir='ltr'>dem</span> <span class='ocrx_word' id='word_1_142' title='bbox 580 3680 864 3762; x_wconf 85' lang='lat' dir='ltr'>abrumpit</span> <span class='ocrx_word' id='word_1_143' title='bbox 931 3680 1276 3742; x_wconf 82' lang='lat' dir='ltr'>sermonem.</span> 
     </span>
    </p>

    <p class='ocr_par' dir='ltr' id='par_1_13' title="bbox 397 3783 1291 4390">
     <span class='ocr_line' id='line_1_24' title="bbox 480 3783 1286 3873; baseline -0.002 -29"><span class='ocrx_word' id='word_1_144' title='bbox 480 3809 511 3844; x_wconf 86' lang='lat'><em>2</em></span> <span class='ocrx_word' id='word_1_145' title='bbox 538 3785 831 3866; x_wconf 85' lang='lat' dir='ltr'>Significat</span> <span class='ocrx_word' id='word_1_146' title='bbox 845 3783 1036 3873; x_wconf 74' lang='lat' dir='ltr'>ipsum</span> <span class='ocrx_word' id='word_1_147' title='bbox 1055 3785 1286 3843; x_wconf 86' lang='lat' dir='ltr'>fratrem</span> 
     </span>
     <span class='ocr_line' id='line_1_25' title="bbox 397 3884 1277 3967; baseline -0.003 -17"><span class='ocrx_word' id='word_1_148' title='bbox 397 3884 706 3967; x_wconf 76' lang='lat' dir='ltr'>Demipho</span> <span class='ocrx_word' id='word_1_149' title='bbox 736 3933 753 3962; x_wconf 90' lang='lat'>‚</span> <span class='ocrx_word' id='word_1_150' title='bbox 794 3910 868 3947; x_wconf 86' lang='lat' dir='ltr'>ne</span> <span class='ocrx_word' id='word_1_151' title='bbox 925 3888 1081 3948; x_wconf 83' lang='lat' dir='ltr'>illius</span> <span class='ocrx_word' id='word_1_152' title='bbox 1133 3906 1277 3947; x_wconf 83' lang='lat' dir='ltr'>uxot</span> 
     </span>
     <span class='ocr_line' id='line_1_26' title="bbox 401 3984 1281 4074; baseline -0.007 -20"><span class='ocrx_word' id='word_1_153' title='bbox 401 3991 706 4074; x_wconf 73' lang='lat' dir='ltr'>intelligat.</span> <span class='ocrx_word' id='word_1_154' title='bbox 758 3984 855 4051; x_wconf 87' lang='lat' dir='ltr'>Sic</span> <span class='ocrx_word' id='word_1_155' title='bbox 897 4012 1034 4049; x_wconf 90' lang='lat' dir='ltr'>vero</span> <span class='ocrx_word' id='word_1_156' title='bbox 1079 3987 1281 4049; x_wconf 76' lang='lat' dir='ltr'>Nauli-</span> 
     </span>
     <span class='ocr_line' id='line_1_27' title="bbox 402 4092 1287 4181; baseline -0.006 -20"><span class='ocrx_word' id='word_1_157' title='bbox 402 4092 570 4161; x_wconf 82' lang='lat' dir='ltr'>strata</span> <span class='ocrx_word' id='word_1_158' title='bbox 607 4093 779 4181; x_wconf 85' lang='lat' dir='ltr'>plane</span> <span class='ocrx_word' id='word_1_159' title='bbox 820 4117 1188 4179; x_wconf 85' lang='lat' dir='ltr'>praeparatur</span> <span class='ocrx_word' id='word_1_160' title='bbox 1216 4097 1287 4157; x_wconf 89' lang='lat' dir='ltr'>ad</span> 
     </span>
     <span class='ocr_line' id='line_1_28' title="bbox 399 4200 1288 4290; baseline -0.004 -21"><span class='ocrx_word' id='word_1_161' title='bbox 399 4205 842 4290; x_wconf 79' lang='lat' dir='ltr'>intelligendam</span> <span class='ocrx_word' id='word_1_162' title='bbox 939 4200 1288 4287; x_wconf 77' lang='lat' dir='ltr'>argumentis</span> 
     </span>
     <span class='ocr_line' id='line_1_29' title="bbox 402 4310 1291 4390; baseline -0.001 -21"><span class='ocrx_word' id='word_1_163' title='bbox 402 4325 526 4369; x_wconf 78' lang='lat' dir='ltr'>rem</span> <span class='ocrx_word' id='word_1_164' title='bbox 556 4329 791 4369; x_wconf 87' lang='lat' dir='ltr'>omnem</span> <span class='ocrx_word' id='word_1_165' title='bbox 813 4355 830 4384; x_wconf 91' lang='lat'>‚</span> <span class='ocrx_word' id='word_1_166' title='bbox 870 4326 998 4369; x_wconf 87' lang='lat' dir='ltr'>cum</span> <span class='ocrx_word' id='word_1_167' title='bbox 1036 4310 1291 4390; x_wconf 87' lang='lat' dir='ltr'>primum</span> 
     </span>
    </p>
   </div>
   <div class='ocr_carea' id='block_1_8' title="bbox 402 4415 1290 4486">
    <p class='ocr_par' dir='ltr' id='par_1_14' title="bbox 402 4415 1290 4486">
     <span class='ocr_line' id='line_1_30' title="bbox 402 4415 1290 4486; baseline 0.006 -8"><span class='ocrx_word' id='word_1_168' title='bbox 402 4415 685 4486; x_wconf 82' lang='lat' dir='ltr'>Phormio</span> <span class='ocrx_word' id='word_1_169' title='bbox 699 4418 923 4481; x_wconf 81' lang='lat' dir='ltr'>camilli</span> <span class='ocrx_word' id='word_1_170' title='bbox 937 4420 1290 4483; x_wconf 77' lang='lat' dir='ltr'>indicaverit.</span> 
     </span>
    </p>
   </div>
   <div class='ocr_carea' id='block_1_9' title="bbox 505 4505 1208 4612">
    <p class='ocr_par' dir='ltr' id='par_1_15' title="bbox 505 4505 1208 4612">
     <span class='ocr_line' id='line_1_31' title="bbox 505 4505 1208 4612; baseline 0.003 -37"><span class='ocrx_word' id='word_1_171' title='bbox 505 4505 844 4596; x_wconf 47' lang='lat' dir='ltr'>yeremias</span> <span class='ocrx_word' id='word_1_172' title='bbox 904 4506 975 4583; x_wconf 83' lang='lat' dir='ltr'>T.</span> <span class='ocrx_word' id='word_1_173' title='bbox 1023 4506 1140 4612; x_wconf 53' lang='lat' dir='ltr'>II.⁸</span> <span class='ocrx_word' id='word_1_174' title='bbox 1201 4508 1208 4514; x_wconf 77' lang='grc'><strong><em>’</em></strong></span> 
     </span>
    </p>
   </div>
   <div class='ocr_carea' id='block_1_10' title="bbox 1441 3148 2338 4078">
    <p class='ocr_par' dir='ltr' id='par_1_16' title="bbox 1446 3148 2334 3427">
     <span class='ocr_line' id='line_1_32' title="bbox 1537 3148 2334 3232; baseline -0.001 -17"><span class='ocrx_word' id='word_1_175' title='bbox 1537 3174 1565 3232; x_wconf 87' lang='lat'><em>3</em></span> <span class='ocrx_word' id='word_1_176' title='bbox 1621 3148 1708 3216; x_wconf 83' lang='lat' dir='ltr'>Ita</span> <span class='ocrx_word' id='word_1_177' title='bbox 1752 3154 1980 3216; x_wconf 89' lang='lat' dir='ltr'>tandem</span> <span class='ocrx_word' id='word_1_178' title='bbox 2035 3168 2334 3214; x_wconf 75' lang='lat' dir='ltr'>amovetur</span> 
     </span>
     <span class='ocr_line' id='line_1_33' title="bbox 1447 3256 2334 3340; baseline -0.002 -19"><span class='ocrx_word' id='word_1_179' title='bbox 1447 3259 1508 3320; x_wconf 92' lang='lat' dir='ltr'>N</span> <span class='ocrx_word' id='word_1_180' title='bbox 1513 3258 1788 3321; x_wconf 80' lang='lat' dir='ltr'>aufistrata</span> <span class='ocrx_word' id='word_1_181' title='bbox 1807 3305 1824 3332; x_wconf 94' lang='lat'>,</span> <span class='ocrx_word' id='word_1_182' title='bbox 1878 3256 2173 3340; x_wconf 83' lang='lat' dir='ltr'>metusque</span> <span class='ocrx_word' id='word_1_183' title='bbox 2220 3257 2334 3319; x_wconf 63' lang='lat' dir='ltr'>fra*</span> 
     </span>
     <span class='ocr_line' id='line_1_34' title="bbox 1446 3363 1844 3427; baseline 0.003 -3"><span class='ocrx_word' id='word_1_184' title='bbox 1446 3363 1518 3426; x_wconf 86' lang='lat' dir='ltr'>tri</span> <span class='ocrx_word' id='word_1_185' title='bbox 1553 3366 1844 3427; x_wconf 81' lang='lat' dir='ltr'>adimitur.</span> 
     </span>
    </p>

    <p class='ocr_par' dir='ltr' id='par_1_17' title="bbox 1444 3470 2332 3762">
     <span class='ocr_line' id='line_1_35' title="bbox 1528 3470 2332 3547; baseline 0.004 -16"><span class='ocrx_word' id='word_1_186' title='bbox 1528 3497 1567 3547; x_wconf 84' lang='lat'>4</span> <span class='ocrx_word' id='word_1_187' title='bbox 1619 3471 1757 3532; x_wconf 79' lang='lat' dir='ltr'>Scil.</span> <span class='ocrx_word' id='word_1_188' title='bbox 1816 3470 2000 3532; x_wconf 82' lang='lat' dir='ltr'>filium</span> <span class='ocrx_word' id='word_1_189' title='bbox 2041 3490 2232 3545; x_wconf 87' lang='lat' dir='ltr'>tuum,</span> <span class='ocrx_word' id='word_1_190' title='bbox 2275 3483 2332 3534; x_wconf 71' lang='lat' dir='ltr'>Sc</span> 
     </span>
     <span class='ocr_line' id='line_1_36' title="bbox 1447 3565 2332 3660; baseline 0.006 -29"><span class='ocrx_word' id='word_1_191' title='bbox 1447 3593 1619 3657; x_wconf 83' lang='lat' dir='ltr'>quam</span> <span class='ocrx_word' id='word_1_192' title='bbox 1640 3593 1788 3634; x_wconf 85' lang='lat' dir='ltr'>amat</span> <span class='ocrx_word' id='word_1_193' title='bbox 1829 3565 2135 3646; x_wconf 87' lang='lat' dir='ltr'>Phanium,</span> <span class='ocrx_word' id='word_1_194' title='bbox 2160 3594 2332 3660; x_wconf 84' lang='lat' dir='ltr'>teque</span> 
     </span>
     <span class='ocr_line' id='line_1_37' title="bbox 1444 3678 1941 3762; baseline 0.012 -23"><span class='ocrx_word' id='word_1_195' title='bbox 1444 3678 1632 3762; x_wconf 89' lang='lat' dir='ltr'>ipsum</span> <span class='ocrx_word' id='word_1_196' title='bbox 1663 3681 1941 3745; x_wconf 85' lang='lat' dir='ltr'>socerum.</span> 
     </span>
    </p>

    <p class='ocr_par' dir='ltr' id='par_1_18' title="bbox 1441 3781 2338 4078">
     <span class='ocr_line' id='line_1_38' title="bbox 1533 3781 2334 3871; baseline 0.004 -24"><span class='ocrx_word' id='word_1_197' title='bbox 1533 3806 1560 3861; x_wconf 87' lang='lat'><em>5</em></span> <span class='ocrx_word' id='word_1_198' title='bbox 1603 3784 1782 3848; x_wconf 80' lang='lat' dir='ltr'>Vinci</span> <span class='ocrx_word' id='word_1_199' title='bbox 1812 3785 1865 3846; x_wconf 88' lang='lat' dir='ltr'>se</span> <span class='ocrx_word' id='word_1_200' title='bbox 1895 3788 2128 3871; x_wconf 84' lang='lat' dir='ltr'>quidem</span> <span class='ocrx_word' id='word_1_201' title='bbox 2148 3781 2334 3871; x_wconf 78' lang='lat' dir='ltr'>passus</span> 
     </span>
     <span class='ocr_line' id='line_1_39' title="bbox 1441 3891 2338 3967; baseline 0.009 -18"><span class='ocrx_word' id='word_1_202' title='bbox 1441 3911 1560 3951; x_wconf 86' lang='lat' dir='ltr'>erat</span> <span class='ocrx_word' id='word_1_203' title='bbox 1583 3915 1615 3952; x_wconf 93' lang='lat' dir='ltr'>a</span> <span class='ocrx_word' id='word_1_204' title='bbox 1648 3891 1850 3967; x_wconf 81' lang='lat' dir='ltr'>fratre3</span> <span class='ocrx_word' id='word_1_205' title='bbox 1877 3894 1971 3954; x_wconf 91' lang='lat' dir='ltr'>sed</span> <span class='ocrx_word' id='word_1_206' title='bbox 1998 3896 2086 3955; x_wconf 90' lang='lat' dir='ltr'>nil</span> <span class='ocrx_word' id='word_1_207' title='bbox 2111 3903 2229 3956; x_wconf 84' lang='lat' dir='ltr'>veri</span> <span class='ocrx_word' id='word_1_208' title='bbox 2247 3902 2338 3957; x_wconf 87' lang='lat' dir='ltr'>in-</span> 
     </span>
     <span class='ocr_line' id='line_1_40' title="bbox 1448 3991 2335 4078; baseline 0.01 -26"><span class='ocrx_word' id='word_1_209' title='bbox 1448 3991 1669 4054; x_wconf 86' lang='lat' dir='ltr'>tellexit</span> <span class='ocrx_word' id='word_1_210' title='bbox 1697 3995 1883 4056; x_wconf 85' lang='lat' dir='ltr'>tardus</span> <span class='ocrx_word' id='word_1_211' title='bbox 1901 4006 1954 4056; x_wconf 86' lang='lat'>&amp;</span> <span class='ocrx_word' id='word_1_212' title='bbox 1973 3999 2132 4078; x_wconf 88' lang='lat' dir='ltr'>asper</span> <span class='ocrx_word' id='word_1_213' title='bbox 2149 3999 2335 4061; x_wconf 83' lang='lat' dir='ltr'>senex.</span> 
     </span>
    </p>
   </div>
   <div class='ocr_carea' id='block_1_11' title="bbox 1454 4101 2341 4268">
    <p class='ocr_par' dir='ltr' id='par_1_19' title="bbox 1454 4101 2341 4268">
     <span class='ocr_line' id='line_1_41' title="bbox 1536 4101 2341 4174; baseline 0.007 -14"><span class='ocrx_word' id='word_1_214' title='bbox 1536 4110 1575 4160; x_wconf 81' lang='lat'>6</span> <span class='ocrx_word' id='word_1_215' title='bbox 1615 4101 1807 4174; x_wconf 86' lang='lat' dir='ltr'>Vide,</span> <span class='ocrx_word' id='word_1_216' title='bbox 1850 4125 1908 4166; x_wconf 81' lang='lat' dir='ltr'>ut</span> <span class='ocrx_word' id='word_1_217' title='bbox 1945 4103 2087 4166; x_wconf 84' lang='lat' dir='ltr'>alter</span> <span class='ocrx_word' id='word_1_218' title='bbox 2133 4104 2193 4164; x_wconf 82' lang='lat' dir='ltr'>fit</span> <span class='ocrx_word' id='word_1_219' title='bbox 2224 4128 2341 4165; x_wconf 88' lang='lat' dir='ltr'>me-</span> 
     </span>
     <span class='ocr_line' id='line_1_42' title="bbox 1454 4200 1760 4268; baseline 0.01 -3"><span class='ocrx_word' id='word_1_220' title='bbox 1454 4200 1760 4268; x_wconf 76' lang='lat' dir='ltr'>ticulosus!</span> 
     </span>
    </p>
   </div>
   <div class='ocr_carea' id='block_1_12' title="bbox 1451 4307 2337 4496">
    <p class='ocr_par' dir='ltr' id='par_1_20' title="bbox 1451 4307 2337 4496">
     <span class='ocr_line' id='line_1_43' title="bbox 1537 4307 2336 4397; baseline -0.025 -14"><span class='ocrx_word' id='word_1_221' title='bbox 1537 4332 1571 4382; x_wconf 92' lang='lat'><em>7</em></span> <span class='ocrx_word' id='word_1_222' title='bbox 1616 4307 1896 4374; x_wconf 76' lang='lat' dir='ltr'>Formula</span> <span class='ocrx_word' id='word_1_223' title='bbox 1923 4333 2161 4384; x_wconf 85' lang='lat' dir='ltr'>eorum,</span> <span class='ocrx_word' id='word_1_224' title='bbox 2201 4311 2336 4397; x_wconf 60' lang='lat' dir='ltr'>quiss.</span> 
     </span>
     <span class='ocr_line' id='line_1_44' title="bbox 1451 4418 2337 4496; baseline 0.001 -16"><span class='ocrx_word' id='word_1_225' title='bbox 1451 4421 1557 4484; x_wconf 83' lang='lat' dir='ltr'>bus</span> <span class='ocrx_word' id='word_1_226' title='bbox 1602 4418 1790 4484; x_wconf 80' lang='lat' dir='ltr'>subito</span> <span class='ocrx_word' id='word_1_227' title='bbox 1827 4424 1899 4484; x_wconf 86' lang='lat' dir='ltr'>ad</span> <span class='ocrx_word' id='word_1_228' title='bbox 1940 4420 2172 4482; x_wconf 76' lang='lat' dir='ltr'>salutem</span> <span class='ocrx_word' id='word_1_229' title='bbox 2196 4444 2337 4496; x_wconf 53' lang='lat' dir='ltr'>cong</span> 
     </span>
    </p>
   </div>
   <div class='ocr_carea' id='block_1_13' title="bbox 1913 4504 1966 4575">
    <p class='ocr_par' dir='ltr' id='par_1_21' title="bbox 1913 4504 1966 4575">
     <span class='ocr_line' id='line_1_45' title="bbox 1913 4504 1966 4575; baseline 0 0"><span class='ocrx_word' id='word_1_230' title='bbox 1913 4504 1966 4575; x_wconf 87' lang='lat' dir='ltr'>P</span> 
     </span>
    </p>
   </div>
  </div>
 </body>
</html>
