2809 5234
1115 950 1745 1026 ANDR1A.
2289 988 2366 1058 31

448 1107 589 1182 Nifi
637 1107 827 1183 vides
862 1122 880 1154 ¹
909 1161 932 1197 ,
970 1104 1088 1181 nist
1125 1107 1290 1182 senis
1324 1108 1581 1183 amicos
1606 1137 1759 1184 oras
1781 1166 1806 1202 ‚
1834 1113 2060 1188 ambis.
2105 1121 2173 1188 C.
2212 1120 2381 1194 bene

786 1259 1041 1307 mones.

452 1352 618 1431 Ibo:
664 1358 782 1432 etfi
831 1359 1049 1430 hercle
1106 1357 1292 1455 saepe
1340 1359 1470 1431 iam
1512 1385 1622 1432 me
1672 1357 1816 1457 spes
1863 1358 2026 1434 haee
2079 1361 2382 1443 frustrata

790 1481 903 1553 ess.
948 1483 1120 1556 vale.
1175 1540 1180 1545 -

727 1638 1153 1746 A‘cws
1226 1675 1350 1747 II.
1421 1650 1843 1748 SCE'NA
1912 1681 2104 1751 JJJ.

633 1871 1574 1957 PAMPH1LUS,
1672 1873 2206 1948 DAths.

439 2122 532 2197 .P.
566 2019 973 2232 Quid
955 2120 1166 2219 igitur
1224 2118 1342 2190 fibi
1388 2118 1540 2191 volt
1584 2137 1809 2218 pater
1796 2125 1824 2173 θ
1887 2145 2005 2193 cur
2059 2122 2379 2196 fimulat?

447 2280 460 2292 ·
793 2248 896 2316 D.
948 2252 1079 2342 ego
1126 2243 1341 2314 dicam
1393 2243 1535 2316 tibi.

453 2369 522 2443 si
576 2369 647 2443 id
705 2369 1071 2444 succenseat
1119 2393 1299 2441 nun:
1319 2421 1342 2457 ,
1372 2368 1532 2467 quia
1581 2392 1722 2441 non
1773 2367 1883 2441 dat
1924 2366 2047 2439 tibi
2100 2394 2380 2445 uxorem

786 2493 1150 2581 ChremeS,

453 2615 619 2712 lpsu’
667 2615 785 2687 fibi
828 2615 961 2688 effe
1005 2617 1279 2691 iniurius
1330 2619 1683 2692 videatur:
1727 2643 1944 2716 neque
1983 2616 2053 2689 id
2094 2616 2328 2698 iniuria
2353 2672 2381 2708 ,

454 2741 644 2811 Prius
670 2763 872 2836 quam
922 2750 1107 2819 nium
1129 2791 1152 2827 ,
1187 2761 1261 2813 ut
1301 2742 1424 2814 sese
1468 2743 1739 2830 habeat,
1769 2743 2066 2815 animum
2092 2743 2177 2814 ad
2210 2769 2380 2840 nup-

794 2863 912 2934 tias
958 2863 1379 2960 perspexerit.

452 2989 586 3062 Sed
612 2986 660 3061 fi
676 2976 749 3061 tu
775 2987 1032 3086 negaris
1064 2988 1331 3077 ducere,
1357 2989 1450 3061 ibi
1478 2986 1735 3087 culpam
1758 2988 1826 3064 in
1854 3012 1920 3064 te
1942 2989 2304 3064 transferet.
2337 3015 2370 3090 5

448 3114 632 3188 Tum
668 3114 819 3190 inae
863 3113 1098 3188 turbae
1125 3112 1307 3188 fient.
1338 3118 1421 3187 P.
1443 3127 1473 3164 ²
1504 3116 1775 3215 quidvis
1811 3116 2037 3214 patiar.
2068 3120 2168 3187 D.
2197 3134 2382 3212 pater

786 3237 882 3311 est
912 3292 933 3330 ,
985 3238 1349 3338 Pamphile.
1454 3230 1458 3235 ⁵

451 3357 755 3436 Difficile
787 3359 882 3434 est
915 3378 966 3438 ³.
1020 3382 1162 3437 tum
1198 3364 1358 3439 haec
1399 3365 1535 3439 sola
1573 3363 1668 3439 est
1707 3362 1964 3436 mulier.
2018 3364 2263 3436 dictum
2302 3388 2382 3437 ac

786 3487 1030 3562 {aetum
1064 3505 1097 3551 4
1136 3488 1468 3573 invenerit

537 3705 567 3751 ¹
602 3684 910 3752 Artificiose
928 3689 1133 3751 Davus
1164 3687 1361 3753 chari·
1478 3684 1814 3770 patientiam.
1833 3683 1939 3750 Sed
1962 3684 2161 3749 Davus
2173 3682 2267 3752 fibi
2290 3710 2381 3754 ae-

450 3800 584 3842 num
607 3830 626 3856 ‚
665 3801 725 3843 ut
757 3784 1050 3864 provideat
1074 3782 1171 3842 fibi
1191 3828 1211 3853 ,
1248 3786 1366 3853 itu-⁸
1476 3803 1586 3861 que
1608 3797 1662 3840 et
1678 3777 1962 3863 Pamphilo
1976 3784 2101 3844 inde
2112 3805 2381 3860 metuet-15,

451 3876 601 3953 pellit
624 3920 646 3950 ‚
666 3896 781 3953 quo
800 3872 873 3933 fic
894 3875 1166 3955 Pamphili
1190 3896 1362 3958 nego·
1485 3875 1759 3956 impellere
1784 3878 1982 3958 pariter
2002 3877 2176 3939 studet
2193 3925 2213 3951 ,
2237 3883 2311 3939 uti
2328 3880 2381 3941 se

452 3966 592 4023 tium
620 3965 931 4023 adiuvetur.
1480 3984 1730 4048 paratum
1764 3966 1833 4028 ad
1855 3972 2066 4052 nuptias
2092 3973 2381 4050 imperatas

540 4075 575 4114 2
631 4053 724 4115 Al.
758 4054 890 4134 quid
942 4055 1031 4113 vis
1045 4056 1079 4114 ?
1113 4056 1300 4135 patiar
1325 4060 1359 4118 ?
1479 4056 1720 4136 simulet,
1741 4062 1806 4122 &
1822 4059 1895 4122 fic
1915 4066 2056 4143 patri
2069 4061 2254 4124 causas
2273 4066 2381 4143 iur-

429 4144 548 4217 ,AL
581 4145 758 4228 quid?
790 4146 880 4203 vis
905 4144 1142 4227 patiar?
1177 4144 1239 4206 In
1275 4149 1360 4208 his
1476 4152 1692 4233 giorum
1728 4154 1951 4214 adimat.

449 4239 830 4321 rogationibus
852 4237 981 4297 nihil
1008 4234 1116 4296 sani
1140 4235 1238 4298 est.
1262 4237 1363 4302 Ob
1566 4265 1596 4325 3
1641 4245 1745 4309 Int.
1779 4246 2032 4309 refistere.

452 4356 702 4395 amorem
723 4331 978 4415 Glycerii
1016 4334 1105 4392 iris
1127 4338 1359 4415 paternis
1558 4359 1598 4411 4
1621 4337 1785 4400 Prov.
1799 4339 2094 4400 celeritatis.
2116 4340 2152 4401 i.
2173 4361 2221 4402 e.
2239 4342 2374 4406 cito·

447 4437 582 4502 nihil
618 4451 911 4519 opponere
951 4437 1098 4519 cupit
1140 4455 1353 4518 praeter
1471 4436 1690 4517 Guyet.
1751 4432 2130 4517 Eugraphium
2164 4433 2376 4501 secutus
