2809 5234
280 610 284 628 ι
359 575 458 624 xxm

547 752 563 770 ·
571 756 588 770 ·
601 718 650 789 nii
659 716 795 787 Publius

359 818 467 911 Scipio
482 814 624 907 prosuie,
645 816 731 883 niiu'l
744 816 771 882 ei
791 813 939 903 Laelius,
953 814 1007 884 nil
1022 819 1161 888 Furius:

363 918 438 993 Tres
452 941 509 1007 per
521 917 600 984 idem
619 936 738 1004 ternpus
760 914 814 1004 qui
833 914 998 1007 agitabant
1014 919 1131 985 nobiles
1137 915 1314 1006 saridim,

360 1017 482 1086 Eorum
500 1014 552 1082 ille
568 1036 655 1103 opera
676 1035 714 1078 ne
734 1012 858 1079 domum
882 1014 1004 1105 quidem
1022 1015 1131 1083 habuit
1153 1013 1314 1086 condrada·-

551 1113 628 1177 eiam
641 1132 655 1175 :

362 1168 478 1280 dolrem
497 1229 534 1277 ue
547 1201 630 1302 effit,
646 1230 708 1298 quo
727 1204 846 1295 referret
863 1207 980 1275 obitum
999 1211 1119 1277 domini
1123 1208 1279 1301 servulum

360 1395 462 1466 Hunc
484 1388 636 1464 Afranius
654 1388 787 1486 quidem
809 1389 966 1463 omnibus
984 1391 1134 1467 comic'is
1154 1392 1322 1493 praefert,

361 1491 506 1565 scribens
518 1488 551 1560 in
565 1486 824 1585 Compitalibus:

1272 1595 1287 1632 1

364 1680 507 1748 Terentio
529 1704 594 1746 non
603 1676 740 1773 fimilem
761 1677 843 1745 dices
864 1675 1046 1767 quempiam.

364 1862 540 1937 Volcatius
560 1873 667 1938 autem
691 1886 762 1935 non
791 1860 896 1933 solum
923 1860 1056 1932 Naevio
1080 1878 1113 1932 et
1133 1860 1265 1948 Plauto,
1288 1882 1322 1935 et

362 1962 530 2051 Caecilio,
546 1961 600 2034 sed
616 1978 623 2009 ¹
643 1959 775 2033 Licinio
788 1982 925 2056 quoque
944 1957 1123 2055 postponit
1147 1958 1272 2031 Cicero
1285 1956 1321 2030 in

363 2061 531 2134 Limone²
548 2060 700 2132 huitenus
716 2058 842 2130 laudat:

367 2250 417 2319 Tu
435 2275 572 2342 quoque,
593 2250 646 2342 qui
659 2247 749 2340 fhlus
766 2244 839 2315 lec'lo
848 2240 1007 2336 sermone,
1027 2244 1169 2331 Terenti,

363 2347 546 2432 Conversum
566 2343 793 2443 expreffwnque
813 2343 932 2413 Latina
947 2370 1018 2412 voce
1034 2345 1249 2413 Menandnem

366 2446 407 2513 In
427 2447 525 2513 medio
539 2447 646 2537 populi
658 2444 778 2532 sedatis
796 2442 919 2513 vocibus
936 2438 1045 2538 ffers,

365 2541 533 2636 Quidquid
543 2566 626 2612 come
638 2547 782 2636 loquens,
792 2567 829 2611 ac
843 2543 952 2610 omnia
966 2539 1073 2609 duoia
1086 2539 1202 2613 dicens.

702 2730 783 2802 Item
800 2727 841 2807 C.
856 2725 996 2798 caesar:

431 2854 438 2887 Ι
1190 2876 1192 2879 .

372 2895 422 2966 Tu
436 2922 575 2989 quoque,
588 2920 623 2966 eu
638 2896 673 2964 in
683 2896 839 2988 summis,
852 2923 871 2966 o
885 2898 1045 2967 dimidiare
1062 2897 1253 2987 Menander,

369 2996 519 3080 Poneris,
542 2990 576 3064 g.
601 2996 729 3080 merito,
753 3000 827 3089 puri
843 2995 998 3085 sermonis
1025 3018 1157 3065 amaror.

370 3093 505 3162 Lenibus
524 3117 616 3182 oeque
633 3094 757 3163 urinam
771 3096 899 3187 seriptis
922 3091 1069 3160 odioniia
1087 3091 1165 3176 fone
1177 3095 1229 3163 vis

375 3191 525 3277 Comiea,
539 3212 575 3258 ue
589 3215 720 3282 aequato
743 3197 843 3262 virtus
859 3195 986 3283 polleret
1009 3192 1121 3258 honore

373 3287 450 3357 Cum
466 3287 595 3357 Graecis
606 3340 618 3373 ,
628 3316 723 3382 neque
734 3294 769 3359 in
783 3292 841 3361 hae
855 3285 1007 3380 deſjreilus
1017 3310 1105 3379 poree
1118 3284 1254 3355 iaceres!

354 3390 355 3397 '
377 3389 489 3457 Unum
504 3388 560 3457 hoc
570 3412 720 3472 maceror,
736 3383 770 3458 δ’
784 3391 870 3457 doleo
882 3387 937 3455 eibi
950 3384 1062 3484 deeffe,
1080 3386 1211 3455 Terenti.

422 3572 513 3646 Huec
535 3574 709 3647 Suetonius
731 3573 954 3672 Tranquillus.
987 3572 1072 3646 Nam
1096 3574 1181 3647 duos
1199 3573 1330 3644 Teren·

374 3672 440 3744 tios
461 3693 574 3769 poetas
596 3671 689 3744 fuiffe
706 3672 816 3746 scribit
835 3674 977 3760 MetiuS,
994 3697 1138 3768 quorum
1152 3672 1232 3741 aiter
1252 3670 1331 3738 Fre·

376 3771 521 3870 gellonos
533 3771 632 3844 fuerit
650 3769 827 3845 Terentius
844 3773 954 3856 Libo,
974 3772 1054 3854 alter
1075 3768 1245 3841 libertinus
1266 3765 1332 3834 Te·

415 3983 437 4022 ,ι
457 3962 519 4023 MS.
536 3960 790 4024 Lindenbr.1.ivio.
811 3915 813 3919 v
900 3960 1063 4030 heroicum,
1078 3977 1113 4014 an
1129 3954 1234 4018 libellus
1245 3955 1331 4040 epigr.

419 4064 439 4104 2
463 4043 496 4105 ln
524 4043 681 4124 deperditis
710 4062 813 4126 poema
902 4045 931 4103 'm
951 4045 1026 4105 uiros
1042 4038 1141 4103 claros.
