2809 5234
533 827 677 957 ἐ64
1092 813 2063 921 ΕΤΕΗΕΝΤῙῙ

734 1060 1180 1136 ACTUS
1320 1066 1540 1139 11²².
1663 1067 2113 1140 S-CENA
2198 1068 2332 1147 1¹.

924 1274 1609 1368 CTESIPHO,

1715 1278 2140 1357 SYRUS.

583 1478 653 1547 C.
684 1373 970 1554 Aln’
999 1472 1264 1567 patrem
1295 1475 1457 1547 hinc
1496 1472 1729 1547 abiiss‘e
1753 1503 1876 1552 rus
1909 1483 2035 1553 ΡΒ.
2062 1478 2200 1552 iam
2229 1481 2514 1558 dudum.

981 1602 1048 1666 C.
1089 1595 1201 1668 dic
1243 1595 1466 1671 sodes·
1504 1605 1578 1671 S.
1623 1603 1810 1697 apud

575 1722 831 1797 Villam
864 1719 981 1796 est.
1023 1745 1208 1795 nunc
1248 1745 1416 1793 cum
1459 1746 1781 1796 maxume
1826 1726 2059 1822 operis
2110 1731 2372 1830 aliquid
2411 1729 2513 1803 fa·-

966 1866 1130 1915 cere.
1152 1842 1365 1928 credo
1410 1862 1457 1914 ³.
1499 1850 1566 1918 C.
1615 1845 1877 1917 utinam
1926 1849 2207 1947 quidem
2243 1852 2314 1923 4!

574 1967 796 2060 Quod
831 1993 989 2040 curn
1019 1967 1232 2041 salute
1265 1968 1413 2043 eius
1439 1966 1557 2042 fiat
1580 1969 1721 2061 ,ita
1741 1967 1806 2040 se
1840 1970 2230 2068 defatigarit
2265 1978 2515 2068 velim,

573 2093 676 2169 Ut
717 2092 952 2164 triduo
991 2090 1130 2164 hoc
1169 2109 1517 2188 perpetuo
1547 2088 1862 2189 prorsum
1906 2115 1945 2163 e
1978 2091 2159 2163 lecto
2205 2113 2517 2191 nequent
2614 2173 2618 2176 ,

967 2211 1270 2312 surgere.

661 2448 685 2487 ι
708 2422 940 2487 Turbae
957 2424 1203 2486 crescent
1220 2426 1291 2487 ab
1302 2433 1464 2487 amo-

566 2558 631 2598 xe
682 2534 1049 2615 Ctefiphonis
1104 2537 1220 2595 iam
1272 2536 1455 2620 magis

570 2637 933 2721 periclitante
993 2638 1067 2694 ob
1110 2644 1290 2719 patris
1325 2640 1455 2701 De-

569 2762 730 2800 meae
757 2738 1190 2815 remansionem,
1210 2763 1460 2827 moxque

565 2846 913 2907 abolendam
974 2843 1353 2927 suspicionem
1402 2871 1460 2908 a-

524 3017 538 3030 ,
563 2953 789 3025 moi-is,
844 2972 1015 3035 quam
1052 2950 1375 3012 Aeschinus
1423 2976 1457 3014 a

564 3062 737 3124 fratrc
765 3062 827 3120 in
853 3060 906 3120 se
940 3058 1292 3119 transtulerat
1312 3105 1327 3132 ,
1350 3057 1458 3119 sol-

563 3171 758 3233 licitus
817 3173 934 3230 iam
1000 3171 1115 3228 iam
1166 3170 1234 3226 de
1284 3168 1451 3228 rebus

562 3280 675 3342 suis
699 3281 832 3340 inde
859 3281 1110 3339 turbatis,
1143 3277 1335 3338 Facile
1355 3301 1454 3337 ve·-

561 3406 632 3444 10
684 3388 818 3446 istae
877 3382 1253 3465 tranfiguntur
1303 3382 1452 3440 inter

564 3492 755 3554 bonos
796 3495 989 3566 viroS,
1026 3490 1181 3573 Hcg.
1228 3510 1293 3550 ac
1344 3489 1456 3549 Mi-

560 3598 789 3655 cionem
804 3644 818 3670 ,
844 3600 941 3680 qui
964 3616 1020 3656 ut
1040 3595 1288 3678 aliquam
1305 3617 1449 3676 poe·

561 3720 694 3759 nam
736 3703 810 3757 ob
854 3701 1249 3762 dissimulatum
1289 3723 1449 3761 amo—

562 3826 687 3866 rem
715 3806 955 3887 Pamph.
989 3832 1021 3869 a
1051 3809 1170 3870 filio
1210 3809 1408 3870 habeat
1427 3856 1446 3883 ‚

560 3908 715 3973 hunc
757 3910 1108 3974 simulatione
1140 3915 1285 3976 ludit
1306 3961 1322 3988 ,
1345 3937 1447 3975 an-

559 4022 831 4100 xiumque
857 4022 1060 4091 reddit,
1079 4043 1167 4083 tun
1178 4024 1306 4082 dem
1324 4043 1447 4080 om-

558 4125 623 4187 ni
654 4144 806 4185 metu
842 4123 1045 4185 liberat
1074 4172 1088 4199 ,
1116 4138 1168 4187 &
1195 4128 1290 4188 fibi
1318 4151 1447 4188 nia-

558 4227 650 4305 gis
683 4225 947 4287 devincit.
1011 4229 1121 4287 Sed
1155 4250 1271 4289 tum
1302 4231 1447 4288 redit

560 4332 626 4393 h
654 4330 896 4396 Scenam
930 4337 1131 4398 iratior
1186 4339 1446 4410 Demea,

1623 2446 1684 2487 ut
1720 2413 2040 2489 maledictis
2082 2425 2311 2487 fratrem
2366 2426 2508 2495 oness

1619 2552 1743 2609 ταῖς
1781 2556 1816 2594 a
1857 2556 1976 2620 quo
2017 2533 2169 2595 lusus
2197 2580 2213 2606 ,
2243 2532 2390 2608 forte
2432 2557 2509 2592 eo

1623 2641 1910 2714 deveniet,
1929 2660 1987 2701 ut
2006 2638 2347 2722 suspicetur,
2374 2656 2508 2720 rap·
2596 2634 2609 2656 ⁶

1624 2745 1847 2803 tionem
1903 2741 2112 2804 fastam
2178 2738 2286 2803 effe
2366 2741 2506 2802 Cte'·

1626 2845 1882 2931 fiphonis
1918 2848 1997 2909 sui
2026 2846 2202 2909 causa.

1702 2979 1731 3014 2
1795 2956 1886 3017 Sc.
1919 2957 1972 3030 ,Ι
2024 2958 2272 3022 ostendit
2331 2956 2501 3017 Ctesi-

1622 3060 1880 3142 phonem
1900 3060 2274 3140 (amatorem)
2300 3046 2506 3120 timen-

1619 3189 1736 3228 tem
1777 3191 1810 3229 a
1842 3190 2002 3251 patre
2034 3216 2049 3243 ,
2101 3178 2157 3229 δε
2197 3168 2356 3228 (imul
2384 3168 2502 3226 fim-

1619 3280 1835 3362 plicem
1856 3302 1874 3355 3
1894 3279 2121 3364 qualem
2147 3300 2212 3336 cx
2237 3276 2502 3336 severiori

1618 3383 1774 3441 rudis
1815 3384 1996 3462 patris
2042 3380 2348 3460 disciplina
2393 3375 2503 3439 esse

1621 3509 1751 3547 eum
1801 3481 2017 3545 necefl'e
2052 3484 2175 3545 fuit.

1680 3611 1705 3670 3
1732 3588 1973 3650 Fallitur
1995 3589 2170 3672 Syrus
2195 3589 2505 3669 opinione.

1611 3694 1824 3781 Neque
1844 3698 2001 3756 enim
2028 3699 2078 3757 is
2098 3693 2276 3779 longe
2301 3693 2422 3755 aber
2439 3699 2502 3758 it.

1698 3833 1736 3884 4
1778 3809 1883 3870 int.
1923 3808 1984 3869 id
2017 3806 2098 3869 (it.
2145 3805 2246 3869 Al.
2276 3829 2409 3867 vero
2446 3810 2504 3869 70

1611 3918 1813 3977 utinam
1848 3917 2206 4000 coniungunt
2235 3937 2364 3973 ctam
2407 3938 2499 3973 ve-

1610 4025 1735 4095 lim,
1793 4032 1845 4082 &
1898 4024 2013 4082 hoc
2047 4019 2347 4098 πλεοναζειν
2389 4043 2498 4079 νο-

1613 4127 1776 4199 lunt,
1805 4129 1961 4210 quod
1993 4124 2196 4207 absque
2225 4127 2505 4204 exemplo

1611 4228 1708 4288 est.
1737 4227 1871 4289 Nos
1902 4248 2030 4287 cum
2049 4227 2212 4286 Don-
2237 4222 2501 4290 facimus·
