2809 5234
2358 677 2368 694 ὗ

1213 754 1224 767 t
1752 734 1759 740 -

255 833 265 843 ι

503 851 539 880 0

908 990 1783 1111 eunucuus
2184 934 2323 1067 ni

390 1164 469 1236 T.
492 1159 619 1235 Sed
649 1158 820 1235 heus
845 1178 920 1235 tu
939 1211 966 1247 ‚
994 1158 1286 1258 purgon’
1322 1172 1345 1207 ¹
1383 1179 1514 1256 ego
1549 1176 1661 1228 me
1695 1152 1780 1227 de
1805 1149 2013 1229 isthac
2042 1152 2338 1246 Thaidi,

383 1261 602 1384 Quod
659 1310 809 1360 eam
860 1309 972 1358 me
1032 1306 1253 1357 amare
1319 1280 1646 1381 suspicata
1714 1277 1810 1356 est
1834 1291 1866 1328 ²
1927 1279 1959 1353 i*
2031 1282 2119 1353 G.
2172 1278 2340 1353 nihi!

729 1409 995 1485 minus:
1241 1445 1245 1449 ·
1716 1393 1723 1398 ⁶
2232 1426 2325 1504 45

383 1535 607 1610 Immo
630 1559 797 1636 auge
824 1532 1031 1634 magis
1054 1530 1496 1632 suspicionem
1531 1545 1587 1602 3.
1614 1533 1695 1602 T.
1717 1534 1841 1605 cnr
1872 1528 1957 1606 ⁴2
1984 1530 2072 1605 G.
2089 1527 2342 1628 rogas?

378 1660 621 1735 Scin’?
656 1658 707 1732 fi
749 1660 1023 1760 quando
1049 1658 1175 1733 ma
1214 1643 1633 1733 mentionem
1673 1654 2034 1729 Phaedriae
2160 1636 2165 1643 ⁸

378 1784 608 1876 Facit,
637 1806 752 1858 aut
783 1783 832 1856 fi
864 1785 1083 1886 laudat
1104 1832 1130 1872 ,
1155 1807 1223 1859 te
1251 1805 1326 1857 ut
1360 1781 1536 1856 male
1564 1796 1736 1854 urat.
1783 1785 1862 1856 T.
1889 1780 2124 1856 sentio.

384 1912 473 1983 G.
506 1911 580 1984 Id
606 1927 682 1983 ut
707 1935 791 1984 ne
819 1907 933 1982 fiat
950 1962 975 2001 ,
999 1909 1162 1984 haec
1190 1934 1300 1982 res
1326 1906 1463 1981 sola
1495 1904 1590 1979 est
1615 1903 1941 1979 remedio.
2008 2000 2010 2004 λ

377 2033 517 2107 Ubi
551 2032 932 2121 nominabit
975 2032 1371 2108 Phaedriam
1397 2085 1421 2119 ,
1462 2053 1582 2123 tu,
1628 2029 2044 2128 Pamphilam
2188 2080 2203 2113 -,
2243 2049 2339 2130 50

344 2145 745 2234 Continuo.
783 2159 835 2232 fi
872 2159 1145 2258 quando
1189 2157 1298 2232 illa
1343 2157 1564 2250 dicet,
1605 2154 1997 2228 Phaedriam

366 2282 901 2359 Intromittamus
952 2281 1488 2363 commissatum:
1539 2304 1615 2357 tu
1633 2336 1657 2375 ,
1705 2277 2120 2379 Pamphilam

365 2405 726 2482 Cantatum
781 2432 1266 2507 provocemus
1305 2407 1356 2480 fi
1393 2406 1688 2482 laudabit
1732 2407 1898 2482 haec

355 2528 537 2605 Illius
573 2531 913 2607 formam:
958 2553 1034 2607 tu
1081 2531 1276 2608 huius
1316 2552 1575 2608 contra.
1625 2532 1924 2631 denique

241 2650 246 2654 ”
353 2658 484 2775 Par
539 2679 673 2753 pro
711 2656 860 2754 pari
902 2656 1156 2732 referto
1193 2672 1216 2721 ⁵
1253 2710 1279 2750 ,
1308 2658 1499 2759 quod
1534 2682 1682 2732 eam
1725 2657 2058 2732 mordeat.
2236 2675 2323 2753 55

453 2854 480 2894 1
520 2830 679 2892 Anus
714 2851 887 2913 quam
919 2832 1135 2916 ineptus
1171 2832 1292 2894 ser·
1406 2834 1545 2897 vat.
1586 2835 1651 2898 ει
1684 2834 1769 2898 D.
1802 2834 1986 2897 Marci
2017 2811 2164 2897 F1or'.
2195 2831 2335 2898 teste

361 2930 546 2995 monis
565 2928 720 2989 miles
744 2927 958 2992 dixisset
985 2951 1293 3015 purgemtge,
1370 2989 1377 2997 Ι
1413 2930 1672 2993 victorio
1692 2978 1711 3007 ,
1760 2930 1888 2994 MS.
1926 2929 2070 3013 Lips.
2106 2930 2168 2992 &
2213 2930 2332 2990 duo

359 3023 426 3086 ἃ
462 3021 537 3084 s1c
573 3021 703 3084 MS.
748 3021 941 3084 Mark.
1405 3024 1564 3086 Leid.
1595 3026 1905 3107 pariterque
1939 3026 2017 3097 ii,
2049 3044 2189 3106 quos
2210 3023 2329 3083 lau-

441 3140 477 3179 2
523 3117 665 3180 Inest
700 3117 844 3181 hisce
888 3117 962 3180 ad
998 3118 1149 3181 litem
1194 3117 1286 3183 fu·
1403 3119 1502 3181 dat
1541 3120 1741 3183 Faern.
1767 3119 2012 3180 lectionis
2051 3119 2174 3179 inde
2205 3139 2327 3180 cer·

354 3226 541 3271 turam
569 3212 707 3272 inter
744 3211 974 3273 militem
1005 3213 1070 3275 &
1102 3211 1276 3274 Thai-
1401 3228 1507 3273 tuS.
1571 3210 1790 3295 Legunt
1827 3213 1892 3273 &
1928 3210 2004 3270 stc
2046 3210 2328 3294 Eugraph.

357 3305 493 3367 dem
512 3308 879 3386 praeparatio.
892 3303 1280 3391 ,Suspicionem
1402 3304 1532 3368 edd.
1563 3305 1737 3388 1469.
1783 3305 1848 3367 δι
1886 3304 2158 3387 quaedam
2194 3305 2322 3386 post
2428 3342 2433 3345 -
2485 3298 2494 3305 ’

358 3419 505 3460 vero
519 3445 539 3474 ,
568 3419 737 3480 quam
758 3421 824 3461 ea
844 3446 862 3476 ,
879 3388 915 3461 ‘1
934 3446 958 3474 ,
982 3421 1016 3462 2
1033 3445 1055 3472 ,
1079 3399 1159 3463 62
1183 3421 1283 3462 co·
1401 3398 1704 3462 Lindenbr.
1728 3397 1822 3462 Sic
1839 3401 1904 3461 &
1924 3421 1959 3458 a
1981 3399 2322 3480 peritioribus

354 3515 480 3556 ram
511 3490 614 3557 Ph.
651 3496 873 3579 protulit
887 3542 909 3574 ,
931 3498 1099 3560 etiam
1119 3495 1275 3558 militi
1396 3495 1505 3580 legi
1528 3495 1664 3556 dicit
1688 3493 1871 3558 Sandi.
1911 3494 2054 3555 Min.
2082 3491 2171 3554 lv
2191 3539 2212 3569 ,
2237 3494 2276 3556 6
2299 3545 2322 3576 ,

353 3589 672 3653 ostenderit.
1398 3611 1461 3672 p.
1485 3587 1626 3670 780.
1652 3589 1740 3652 ed.
1761 3588 1930 3652 Periz.
1949 3588 2323 3672 exemplisque

446 3701 474 3762 3
497 3682 701 3756 Suadet
735 3705 807 3746 ex
828 3683 1131 3746 rationibus
1155 3681 1277 3745 sta-
1396 3682 1603 3748 firmat.
1638 3683 1855 3745 Adsunt
1893 3705 2067 3766 porro
2101 3684 2174 3745 ad
2194 3682 2322 3749 Cic.

216 3761 223 3769 ⁵
354 3774 457 3836 tim
477 3776 667 3838 allatis».
683 3776 793 3838 Sed
814 3776 940 3838 inde
961 3779 1150 3838 evenit
1169 3779 1277 3837 mi-
1399 3777 1436 3840 l.
1455 3798 1505 3839 c.
1528 3777 1680 3842 Cod.
1705 3777 1910 3840 Medic.
1940 3777 2076 3840 teste
2096 3778 2156 3840 P.
2181 3777 2319 3839 Ma-
2385 3800 2388 3805 ·
2520 3752 2526 3758 ³

353 3867 461 3929 litis
478 3867 688 3928 eieffio.
1393 3872 1589 3945 mutio,
1621 3870 1726 3929 sec.
1757 3870 1822 3930 &
1846 3887 1968 3932 tert.
1998 3871 2113 3930 Pal.
2144 3875 2314 3932 item·-

439 3979 481 4034 4
529 3955 751 4018 Tardus
808 3956 941 4016 nihil
990 3957 1235 4041 intelligit
1252 3981 1273 4034 ς
1396 3981 1504 4041 que
1538 3959 1906 4023 Membranae
1935 3960 2193 4036 Gruteri3
2225 3964 2318 4020 in·-

231 4080 236 4088 ·
348 4053 653 4118 identidem
682 4069 859 4138 rogat.
1013 4095 1020 4105 -
1394 4053 1575 4134 deque
1608 4053 1870 4137 rescripsit
1894 4054 2115 4116 Cottius
2138 4058 2193 4113 in
2217 4077 2312 4138 ep.

440 4145 694 4230 5Vulg..
697 4166 806 4227 par
839 4142 961 4225 pari
997 4142 1093 4222 ref.¹
1114 4142 1272 4225 quod
1392 4143 1517 4206 Cic.
1563 4168 1670 4228 par
1709 4171 1810 4229 pro
1848 4150 2017 4230 pari,
2058 4146 2212 4227 quod
2235 4145 2317 4207 ibi
2442 4200 2449 4207 .

350 4240 581 4322 quidem
661 4239 847 4298 nititur
919 4237 1270 4320 quorundam
1388 4238 1550 4304 Man.
1576 4240 1641 4301 &
1660 4240 1810 4303 Via.
1847 4233 2093 4300 voluere.
2143 4239 2313 4302 Tan-

348 4331 537 4395 codd.
563 4332 628 4392 &
651 4327 792 4390 Ter.
828 4329 891 4392 δι
915 4327 1037 4391 Cic.
1052 4349 1123 4390 ac
1141 4329 1270 4413 plu·
1391 4331 1522 4392 dem
1540 4333 1700 4393 metri
1729 4334 1871 4391 ratio
1905 4349 2171 4412 repugnat
2185 4333 2312 4408 vulf

306 4434 314 4440 '
347 4428 493 4491 :ium
523 4425 651 4488 edd.
684 4421 964 4487 consensu.
1010 4423 1123 4509 Sed
1158 4447 1263 4486 no·
1386 4445 1549 4510 gatae
1571 4473 1592 4503 ,
1616 4428 1977 4502 trochaeum,
2016 4429 2103 4487 cui
2136 4429 2191 4487 in
2226 4426 2309 4488 se-
2376 4413 2385 4425 ⁸

347 4516 521 4591 strum
557 4520 765 4591 hahent
820 4518 1067 4589 vetustus
1109 4518 1262 4586 cod.
1385 4523 1551 4588 uariis
1599 4541 1718 4587 non
1747 4519 1935 4595 locus,
1975 4518 2301 4589 admittenti.
