2809 5234
883 1034 888 1039 -
1027 936 1706 1067 ANDRIL·

458 1175 483 1211 ¹
520 1157 758 1231 Libere
784 1155 1065 1231 vivendi
1089 1156 1215 1229 fuit
1243 1154 1572 1253 potestas:
1610 1153 1646 1250 (
1677 1176 1831 1226 nam
1855 1171 2044 1225 antea
2286 1176 2379 1256 ις
2460 1224 2465 1229 .

458 1284 602 1376 Qui
629 1281 792 1357 scire
818 1280 1036 1378 poss'es
1054 1335 1078 1370 ,
1104 1260 1214 1352 aut
1239 1281 1577 1379 ingenium
1607 1276 1882 1351 noscere
1905 1328 1928 1365 ,

457 1410 649 1484 Dum
704 1425 880 1479 aeras
906 1458 930 1494 ,
982 1426 1198 1477 metus
1226 1451 1251 1491 ,
1302 1384 1605 1502 magister
1651 1400 2099 1502 prohibebant
2127 1414 2158 1448 ²
2194 1405 2222 1474 ἓ
2273 1406 2393 1474 So.

597 1534 614 1547 “
659 1531 750 1603 ita
792 1528 966 1626 est.)

463 1664 516 1728 S
520 1660 564 1729 ι’.
593 1655 806 1748 Quod
833 1652 1128 1751 plerique
1158 1675 1395 1726 omnes
1427 1651 1679 1726 faciunt
1717 1649 2182 1726 adolescentuli
2203 1703 2227 1739 ,
2341 1688 2345 1693 ·

464 1784 563 1854 Ut
589 1780 880 1853 animum
904 1779 987 1851 ad
1011 1776 1285 1876 aliquod
1310 1776 1599 1849 studium
1625 1764 1981 1877 adiungant
1994 1831 2016 1864 ,
2045 1796 2159 1849 aut
2177 1752 2411 1874 equos-

466 1905 665 1999 Alere
682 1956 705 1995 ‚
757 1922 872 1977 aut
921 1924 1120 1976 canes
1170 1902 1255 1974 ad
1307 1902 1691 1976 venandum
1717 1954 1741 1992 ‚
1788 1922 1907 1975 aut
1965 1880 2049 1974 ad
2099 1898 2403 2000 philoso-

662 2027 834 2127 phos
850 2051 886 2118 ,ς
979 2068 986 2077 -
1782 2068 1793 2075 -
2303 2046 2403 2121 30

333 2150 338 2155 ’
466 2151 730 2227 Horum
763 2152 872 2225 ille
900 2150 1062 2225 nihil
1089 2150 1354 2252 egregie
1382 2166 1643 2247 praeter
1668 2168 1884 2222 cetera
2362 2196 2369 2201 -

466 2279 822 2366 Studebat3
851 2294 919 2349 et
940 2288 1162 2350 ram'en
1190 2274 1420 2349 omnia
1444 2274 1611 2347 haec
1636 2273 2081 2346 mediocriter.

462 2403 876 2491 Gaudebam.
911 2407 1025 2475 So.
1053 2426 1192 2474 non
1221 2400 1505 2474 iniuria:
1544 2424 1698 2473 nam
1727 2398 1799 2471 id
1824 2398 2111 2471 arbitror

463 2527 794 2624 Adprime
820 2526 891 2597 in
919 2526 1058 2603 vita
1083 2526 1212 2599 effe
1237 2527 1396 2600 utile
1418 2581 1442 2618 ,
1469 2548 1543 2599 ut
1568 2479 1652 2598 ne
1680 2524 1844 2624 quid
1872 2523 2090 2598 nimis.

468 2654 571 2720 Si.
597 2649 707 2720 Sic
727 2648 866 2721 vita
889 2667 1063 2721 erat:
1101 2650 1292 2724 facile
1329 2648 1592 2724 omneis
1622 2649 1916 2747 perferre
1934 2704 1957 2739 ,
1985 2673 2062 2722 ac
2090 2649 2266 2755 pati-2
2308 2668 2397 2754 35

470 2773 649 2844 Cum
678 2770 923 2869 quibus
944 2792 1080 2845 erat
1106 2798 1370 2870 cunque
1390 2799 1521 2846 una
1546 2827 1567 2859 ,
1610 2773 1690 2847 iis
1715 2775 1848 2848 sese
1874 2775 2114 2849 dedere
2135 2828 2159 2864 ,

471 2896 729 2969 Eorum
773 2895 1049 2994 obsequi
1092 2895 1360 2988 studiis,
1390 2912 1414 2961 3
1453 2897 1774 2971 advorsus
1804 2897 2053 2972 nemini
2084 2949 2110 2988 ‚

472 3022 836 3120 Nunquam
871 3046 1293 3120 praeponens
1319 3023 1385 3095 se
1411 3021 1561 3094 illis.
1580 3020 1669 3094 ita
1699 3021 2031 3099 facillume

472 3146 627 3219 Sine
653 3146 906 3221 invidia
932 3146 1232 3223 invenias
1261 3146 1525 3221 laudem
1554 3197 1578 3234 ‚
1618 3154 1695 3223 'et
1723 3149 1973 3224 amicos
2000 3175 2211 3249 pares.
2320 3172 2329 3179 ·

440 3348 446 3355 .
476 3282 590 3348 So.
616 3276 955 3372 Sapienter
964 3274 1173 3350 vitam
1189 3271 1497 3347 instituit:
1516 3298 1807 3375 namque
1829 3274 1961 3350 hoc
1982 3291 2289 3370 tempore
2311 3296 2408 3366 40

478 3399 892 3497 Obsequium
917 3394 1170 3497 amicos
1192 3447 1217 3487 ,
1245 3399 1488 3474 veritas
1512 3400 1747 3473 odium
1775 3397 1943 3495 parit
1974 3413 2027 3470 ⁴.

480 3528 582 3598 Si.
605 3526 858 3657 Interea
882 3522 1118 3600 mulier
1108 3524 1471 3670 quaedam
1494 3522 1734 3595 abhinc
1759 3518 2119 3595 triennium

482 3772 718 3870 Inopia
758 3792 828 3847 et
853 3793 1298 3872 cognatorum
1328 3788 1349 3837 5
1389 3765 1800 3870 neglegentia

577 3996 604 4060 ι’
635 3999 806 4080 Vulg.
821 3998 1041 4057 'liberius
1063 4024 1087 4073 ,·
1106 4000 1257 4081 qnod
1280 4022 1398 4063 me·
1515 4002 1671 4065 aliis.
1770 4036 1781 4047 ·

487 4119 576 4166 tro
597 4116 878 4186 repugnat.
1591 4128 1631 4180 4
1679 4103 1750 4166 cs.
1793 4104 1921 4168 Cic.
1960 4107 2114 4169 Lael.
2147 4129 2254 4184 24,
2296 4130 2330 4168 2
2357 4110 2424 4173 &
2558 4094 2567 4105 ’

571 4230 609 4270 2
644 4209 749 4271 Int.
781 4207 1073 4290 ingenium.
1511 4206 1754 4274 Lafiant.
1793 4230 1865 4293 ς,
1889 4233 1945 4294 9.

580 4332 611 4396 3
642 4312 817 4376 Bentl.
843 4311 1016 4373 verba
1046 4312 1343 4395 advorsus·
1332 4313 1397 4396 ft
1604 4334 1630 4397 5
1680 4315 1757 4375 Hi
1740 4337 1791 4376 xc
1849 4336 1953 4376 nos
1994 4317 2109 4378 iam
2148 4334 2303 4401 parat
2346 4320 2421 4386 ad
2460 4352 2477 4367 .
2504 4286 2519 4303 ⁰

491 4419 610 4480 illis
666 4440 769 4501 pro
827 4413 1163 4499 interpolatis
1216 4416 1433 4488 habet.
1518 4415 1760 4505 Critonis
1793 4410 2113 4491 adventum.
2136 4418 2266 4486 Erat
2284 4448 2426 4525 vero
2491 4450 2501 4459 ·

343 4560 353 4569 -
493 4522 701 4637 Forsan
722 4542 1041 4610 praeponere
1058 4526 1122 4608 fi
1140 4523 1277 4589 inis.
1298 4523 1398 4588 Al.
1521 4526 1580 4587 in
1596 4525 1738 4610 legg.
1757 4504 1983 4605 Atticis
1996 4544 2060 4593 ut
2080 4518 2428 4618 cognatio'pe
