2809 5234
251 696 256 702 ο
2031 687 2047 699 ἱ

284 780 292 787 n

910 965 1780 1042 EUNUCHUS.
2199 997 2428 1044 111-

384 1126 599 1216 Scin’,
644 1125 807 1226 quid
846 1153 978 1228 ego
1023 1151 1091 1202 te
1134 1129 1444 1202 volebam
1488 1144 1506 1176 ¹
1542 1127 1570 1199 ?
1611 1128 1720 1202 dic
1754 1141 1808 1202 ².
1850 1155 1992 1203 cras
2039 1130 2134 1206 est
2166 1133 2331 1208 mihi

388 1253 737 1325 Iudicium.
795 1253 955 1350 quid
1000 1254 1200 1326 tum?
1240 1274 1319 1326 ut
1365 1252 1718 1351 diligenter
1759 1236 2045 1329 'nunties

387 1378 605 1467 Patri,
651 1378 1020 1450 advocatus
1070 1403 1266 1450 mane
1310 1376 1476 1448 mihi
1516 1375 1648 1448 effe
1691 1397 1763 1451 ut
1814 1381 2215 1455 meminerit.

386 1503 575 1574 Dum
613 1503 775 1575 haec
816 1500 1016 1590 dicit,
1048 1502 1208 1574 abiit
1236 1501 1427 1574 hora.
1459 1526 1675 1600 rog0‚
1710 1528 1868 1589 num
1899 1504 2061 1602 quid
2081 1484 2242 1581 velit
2277 1521 2333 1582 3.
2392 1588 2402 1597 ,

387 1629 591 1701 Recte
641 1643 714 1718 ⁴,
759 1625 996 1726 inquit.
1044 1627 1238 1700 abeo.
1296 1652 1450 1700 cum
1524 1627 1656 1700 huc
1710 1628 2000 1724 respicio
2048 1632 2133 1703 ad
2177 1630 2325 1705 vir·

730 1753 953 1851 ginem
980 1805 1003 1842 ‚
1321 1737 1329 1745 ⁶
1814 1840 1816 1843 v
2238 1779 2328 1854 50

389 1878 501 1951 Illa
546 1878 679 1953 sese
724 1878 972 1950 interea
1008 1876 1449 1949 commodum
1489 1892 1509 1939 5
1563 1877 1694 1951 huc
1746 1878 2135 1952 adverterat
2172 1938 2179 1945 .

388 2006 460 2076 In
501 2001 792 2076 nostram
823 2002 992 2074 hanc
1019 2002 1323 2098 plateam.
1353 2004 1439 2072 P.
1477 2000 1758 2093 mirum,
1796 2003 1866 2075 ni
1907 2005 2078 2078 hanc
2120 2002 2329 2097 dicit,

548 2221 551 2223 Α
724 2126 943 2200 modo
1782 2212 1788 2219 ,

385 2253 557 2328 Huic
585 2278 755 2354 quae
783 2252 936 2327 data
960 2249 1055 2326 est
1076 2250 1265 2325 dono
1298 2249 1351 2325 ⁶.
1383 2254 1455 2323 C.
1479 2249 1611 2324 huc
1643 2275 1796 2324 cum
1815 2251 2130 2344 advenio,
2152 2254 2328 2330 nulla

723 2402 881 2453 erat.
1951 2360 1955 2367 ⁴

382 2507 466 2576 P.
517 2502 825 2577 Comites
868 2501 1075 2577 secuti
1129 2502 1373 2577 scilicet
1412 2500 1558 2574 sunt
1597 2497 1986 2600 virginem?

390 2631 465 2700 C.
491 2633 777 2718 Verum,
799 2627 1116 2725 parafitus
1134 2653 1288 2702 cum
1309 2626 1564 2699 ancilla.
1583 2628 1660 2699 P.
1680 2625 1819 2724 ipsa
1841 2626 1937 2700 est
1958 2643 1988 2689 ⁷
2007 2649 2027 2698 :
2047 2627 2221 2703 ilicet
2240 2650 2321 2728 55

383 2752 633 2826 Define
658 2779 677 2824 ε
704 2750 833 2824 iam
860 2752 1351 2828 conclamatum
1378 2751 1474 2827 est
1508 2749 1558 2823 ⁸.
1590 2755 1656 2826 C.
1677 2753 1830 2828 alias
1854 2777 1956 2827 res
1983 2752 2124 2852 agis
2155 2768 2209 2824 9.

471 2999 496 3040 1
520 2979 783 3043 Ostendit
806 2977 1061 3041 odiosam
1084 2979 1298 3041 tardita·
1417 2981 1506 3041 illa
1528 2981 1740 3043 funebri
1762 2978 1897 3063 (qua
1911 2981 2239 3055 tentabatur,
2259 3003 2334 3042 an

379 3087 496 3138 tem
512 3078 650 3140 senis
665 3100 795 3140 cum
814 3076 1099 3141 festinante
1113 3074 1294 3140 Chae·
1417 3079 1502 3154 iis,
1517 3078 1610 3159 qui
1626 3098 1727 3159 pro
1745 3079 1969 3135 mortuis
1980 3076 2330 3151 haberentur,

381 3192 476 3234 rea
504 3173 798 3253 loquentis.
1421 3169 1622 3251 aliquid
1641 3171 1788 3229 vitae
1809 3168 2075 3249 reliquum
2097 3167 2247 3243 effet,
2267 3171 2331 3232 &

468 3286 503 3324 2
524 3264 644 3345 Ipse
663 3264 916 3347 Chaerea
939 3263 1051 3324 seni
1073 3262 1297 3344 respon·
1420 3283 1530 3343 qua
1547 3259 1700 3319 finita
1718 3257 1839 3342 post
1853 3257 1984 3318 οὲὶο
1996 3257 2109 3318 dies
2125 3280 2331 3320 crema-

382 3357 477 3419 det
512 3359 784 3438 dic-quid
811 3376 921 3418 tum
950 3359 1014 3421 &
1042 3359 1299 3439 numquid
1416 3357 1617 3417 bantur
1633 3351 2328 3436 funera).Conclamaban-

382 3450 533 3510 velit.
1416 3469 1505 3511 tur
1520 3453 1664 3511 enim
1682 3450 1744 3510 ὃ(
1759 3449 1882 3520 alia,
1895 3445 2048 3519 vasa,
2060 3446 2329 3532 laetaque,

468 3565 497 3629 3
536 3547 631 3609 int.
660 3546 827 3611 aliud.
1422 3545 1509 3628 (ut
1528 3544 1806 3629 victoria.)
1831 3542 2035 3605 Melius
2050 3543 2211 3626 igitur
2221 3542 2330 3606 Eu-

462 3663 503 3716 4
532 3642 586 3706 h.
618 3664 667 3704 e.
694 3642 839 3703 nihil.
1417 3640 1675 3722 graphius
1692 3638 1764 3699 ad
1782 3640 1838 3699 h.
1859 3640 1893 3700 l.
1912 3658 1981 3699 ex
1996 3659 2142 3708 voce
2159 3638 2328 3711 ilicet,

467 3753 497 3815 ς
526 3735 580 3795 h.
618 3756 667 3794 e.
685 3732 799 3815 ipso
820 3733 1131 3814 eodemque
1161 3750 1296 3796 tem·
1413 3753 1557 3814 quae
1576 3733 2024 3794 conclamabatur
2040 3731 2200 3792 causa
2213 3731 2330 3795 fini-

383 3845 537 3905 pore.
589 3901 594 3905 ι
935 3827 941 3832 ’
1398 3843 1471 3886 -ta
1484 3873 1505 3899 ‚
1526 3820 1774 3906 collegit,
1794 3824 1959 3901 finem
1974 3829 2126 3906 quasi
2140 3827 2326 3907 cogni·-

468 3917 506 3978 6
536 3915 692 3976 Haec
716 3916 861 3976 lente
892 3914 1078 3976 secum
1106 3917 1297 4001 loqui-
1419 3920 1589 3976 tionis
1616 3915 1921 3999 significari.
1970 3917 2053 3978 Ita
2085 3919 2327 3999 exponi-

385 4025 471 4069 tur
500 4009 793 4093 Parmeno.
1417 4029 1563 4081 mus,
1575 4011 1656 4069 Ire
1673 4010 1813 4084 licet,
1827 4013 2014 4088 desine,
2027 4010 2327 4068 conclama·

466 4123 505 4180 7
528 4099 602 4164 Et
629 4101 766 4161 haec
802 4098 1024 4175 secum;
1049 4121 1184 4160 mox
1215 4100 1289 4160 ad
1412 4119 1519 4159 tum
1537 4103 1626 4184 est,
1655 4103 1713 4162 h.
1737 4102 1771 4163 l.
1797 4098 2007 4176 vicisti,
2035 4100 2188 4182 quod
2208 4120 2326 4181 quo

381 4196 693 4261 Chaeream
705 4196 1020 4259 conversus:
1032 4197 1289 4258 ilintate.
1414 4195 1652 4257 abducta
1663 4194 1727 4257 fit
1745 4200 1910 4279 virgo
1927 4242 1947 4267 ,
1964 4198 2076 4254 iam
2103 4193 2137 4252 s
2127 4196 2237 4254 cio.
2372 4239 2380 4247 .

470 4289 507 4351 8
538 4289 705 4350 Haud
727 4308 862 4371 apte
892 4288 1105 4351 Donat.
1135 4288 1294 4351 Serv.
1501 4307 1539 4368 9
1556 4287 1657 4348 Me
1671 4308 1784 4347 non
1798 4286 1972 4356 audis,
1989 4285 2022 4348 l.
2041 4283 2142 4343 alia
2152 4283 2322 4347 credo

383 4386 579 4468 aliique
601 4383 996 4446 Terentianum
1030 4385 1142 4446 hoc
1171 4404 1293 4447 tra-
1411 4398 1468 4444 te
1506 4384 1753 4465 cogitare
1772 4426 1796 4454 ,
1811 4393 1982 4463 quam
2017 4397 2158 4461 quae
2190 4401 2319 4461 mea

386 4476 515 4539 xiss‘e
538 4475 737 4539 volunt
753 4497 824 4539 ex
853 4477 1292 4540 conclamatione
1415 4473 1560 4538 sunt.
