2809 5234
279 840 348 936 ηε
515 831 1004 910 inruitaurir

269 1003 367 1077 „Tum
390 1016 460 1076 erat
482 1018 659 1082 contenta,
681 997 804 1094 cuique
828 1015 920 1069 erant
943 1014 1036 1095 grata
1061 994 1200 1090 omnia,

227 1178 232 1195 .
275 1121 484 1203 Proterruisti
503 1123 581 1195 hinc
601 1136 624 1191 ¹.
646 1144 686 1192 ea
709 1122 823 1193 coadla
849 1120 1029 1218 ingratiis²

275 1248 354 1331 Poll
368 1249 422 1322 illa
442 1246 554 1347 coepit
577 1243 703 1319 vidium
726 1245 831 1341 volgo
852 1269 1021 1343 quaerere.
1066 1280 1069 1285 ·
1197 1306 1201 1315 .

224 1388 227 1395 ’
276 1377 400 1463 Nunc,
421 1396 497 1446 cum
520 1368 585 1441 sine
605 1392 729 1466 magno
749 1369 996 1443 intertrimento
1015 1394 1085 1444 non
1098 1368 1207 1467 potesl

277 1497 400 1574 llaberi
410 1551 423 1586 ‚
434 1494 570 1594 quidvis
581 1494 660 1566 dare
674 1492 781 1589 cupis.
806 1518 905 1583 nam,
920 1514 957 1567 ut
971 1516 1010 1566 ru
1026 1496 1128 1585 scias,
1195 1519 1243 1588 40

277 1627 388 1719 Quam
412 1644 452 1696 ea
472 1642 562 1692 nunc
581 1615 737 1689 instrum
751 1615 887 1712 pulchre
902 1619 941 1689 ad
957 1619 1136 1716 perniciem
1159 1618 1242 1696 siet:

278 1746 449 1833 Primum,
465 1742 530 1817 iam
550 1740 682 1815 ancillas
700 1740 809 1815 secum
828 1740 962 1815 adduxit
977 1744 1051 1841 plus
1073 1744 1211 1835 decem,

277 1875 440 1969 Oneratas
464 1867 554 1942 velle
572 1887 671 1967 atque
689 1880 813 1939 aur0.3
840 1864 966 1964 satrapa
990 1866 1014 1941 fi
1039 1866 1097 1941 siet

277 2002 445 2080 Amator,
465 2007 667 2091 nunquam⁴
690 1990 838 2065 sufficere
863 1988 891 2063 is
916 1991 1058 2089 sumptui
1083 2010 1205 2088 quem,

277 2121 412 2195 Nedum
442 2135 479 2191 tu
505 2117 616 2216 possis.
646 2121 697 2191 M.
729 2114 777 2190 est
803 2140 845 2189 ne
871 2141 910 2191 ea
934 2112 1045 2189 intus?
1076 2117 1110 2188 C.
1138 2132 1147 2177 ⁵
1180 2117 1244 2207 sit,

447 2241 571 2340 rogas?
1193 2264 1240 2338 45

277 2367 366 2443 Sensi
383 2368 416 2438 ⁶:
430 2391 507 2438 nam
522 2391 623 2438 unam
637 2363 669 2439 ei
681 2389 820 2439 coenam
835 2382 933 2463 atque
947 2363 1016 2439 eius
1030 2361 1206 2438 comitibus

276 2493 379 2573 Dedi.
402 2488 530 2586 quodsi
545 2490 665 2562 iterum
687 2489 769 2561 mihi
784 2488 821 2560 sit
835 2489 940 2560 danda
955 2490 1086 2580 ,aslum
1101 2487 1181 2562 siet:

275 2639 304 2700 sa
315 2636 462 2721 rescripsit,
479 2659 513 2699 eit
531 2637 609 2699 Nori.
637 2639 728 2699 Marc.
789 2658 845 2719 quo
857 2637 950 2698 versus
958 2638 1073 2697 laborat.
1099 2635 1175 2699 Turn
1190 2638 1245 2702 sine

273 2724 321 2803 ῙΙ,
343 2730 395 2812 163
417 2732 444 2791 iii
462 2729 559 2790 eadem
577 2752 605 2791 re
621 2728 670 2790 tiso
685 2728 729 2788 lit·
789 2729 875 2790 dubio
899 2732 1018 2788 imitatus
1040 2728 1101 2790 Cic.
1125 2732 1160 2790 ad
1179 2732 1245 2793 sam.

276 2840 351 2896 mar,
370 2824 401 2883 &
420 2823 457 2883 ab
476 2821 563 2881 Hatio
592 2821 732 2895 desendit3
793 2821 839 2893 X,
865 2841 900 2882 io
920 2838 988 2883 extr.
1011 2819 1104 2880 scribit
1124 2846 1131 2882 :
1151 2845 1204 2881 non
1220 2825 1251 2902 st

276 2916 313 2981 cs.
324 2915 442 2978 eundem
453 2915 488 2974 ad
500 2915 571 2975 Hor.
582 2914 670 2976 Serm.
686 2914 731 2989 ll,
795 2915 924 2976 Varronis
939 2914 1004 2994 elirfi
1020 2914 1151 2987 haberem,
1164 2917 1247 2997 stiffi-

281 3032 308 3095 ς,
332 3032 382 3093 79.
415 3009 539 3071 Eandem
558 3030 660 3068 vocem
674 3030 728 3069 rec.
792 3030 845 3069 cerr
853 3006 972 3089 sumptui
987 3004 1092 3089 poffcin.
1113 3005 1158 3067 Sic
1170 3011 1246 3068 enim

278 3106 379 3170 Parent
390 3105 476 3184 Plaur.
492 3103 576 3184 Capt.
592 3104 625 3176 l,
639 3126 675 3176 2,
692 3102 731 3164 82
793 3124 857 3163 cum
867 3099 897 3162 P.
909 3100 988 3162 Maii.
1005 3123 1040 3164 eit
1052 3100 1159 3162 duobus
1171 3123 1249 3165 vetii·

276 3196 311 3264 er
321 3199 509 3281 compluribus
521 3196 601 3258 MSS.
610 3196 666 3257 Pal.
678 3197 731 3257 Pro
791 3194 837 3257 llis
848 3198 942 3257 vetius
957 3196 995 3257 ibi
1012 3198 1146 3281 legimus,
1164 3219 1248 3281 quarti

277 3296 386 3377 antiqua
397 3316 469 3360 voce
484 3294 581 3353 librarii
597 3294 734 3353 notiorem
795 3293 872 3375 vulg.
884 3294 1015 3375 subfijlere
1024 3296 1160 3378 sumptui,
1174 3299 1250 3377 quod

254 3418 257 3425 ·
275 3390 440 3462 ediderunt3
457 3386 504 3448 sed
526 3386 570 3445 illa
588 3383 651 3447 sane
666 3386 695 3448 h.
714 3385 731 3447 l.
793 3387 1137 3466 perperamrueturGton.
1145 3391 1180 3448 ad
1188 3388 1250 3448 Liv.

279 3484 384 3545 sortior.
729 3470 732 3475 ’
794 3479 973 3558 xxv11,7.
993 3478 1049 3540 Sed
1074 3481 1104 3541 δι
1123 3482 1150 3541 Ιι.
1170 3483 1249 3564 lap.

324 3581 408 3641 tint.
428 3578 595 3639 clamoribus
617 3577 734 3652 titis,s.
794 3573 861 3639 Ter.
881 3578 910 3636 iii
932 3577 978 3638 ed.
997 3593 1055 3636 vet.
1080 3598 1104 3637 c.
1129 3575 1194 3659 figg.
1211 3579 1250 3639 ell

278 3675 399 3757 qnotidie
413 3673 574 3733 accusando.
787 3669 913 3760 flifficere.
929 3669 987 3730 eius
1005 3670 1137 3752 sumptus.
1154 3671 1253 3733 Verba

324 3769 393 3830 asc.
407 3768 573 3829 Bacchidem
590 3787 639 3848 per
656 3788 736 3828 erro-
790 3764 928 3851 sufficere,
952 3762 1081 3848 sufferre,
1105 3767 1253 3847 subfislere‚

280 3885 340 3929 rem
358 3864 443 3925 credit
457 3864 561 3926 Cliniae
575 3865 703 3924 amicam.
799 3862 904 3946 saepius
916 3863 1059 3946 permixta.
1070 3858 1172 3922 Nostra
1183 3863 1252 3921 ratio

327 3958 437 4042 3Vulg.
445 3961 576 4039 satrapes.
590 3959 658 4019 Vox
665 3955 738 4020 Pers.
799 3957 862 4020 Cic.
880 3959 913 4020 δι
932 3955 999 4018 Ter.
1023 3955 1187 4015 reconciliat.
1206 3954 1253 4018 Cs.

226 4036 235 4063 ⁸
282 4054 369 4118 Erant
384 4050 518 4135 praesides
535 4053 685 4132 provinciis
702 4054 739 4111 ii·
799 4052 869 4111 iufra
881 4050 998 4113 adscen.
1008 4048 1054 4122 ll,
1070 4067 1115 4128 34.

284 4172 338 4234 que
351 4142 546 4232 opulentillimi
567 4147 594 4204 in
612 4145 738 4207 Oriente.
844 4166 857 4227 5
872 4147 917 4207 Al
935 4142 1018 4206 MSS.
1036 4143 1068 4202 δι
1086 4141 1149 4202 edd.
1159 4143 1252 4220 fifit,

326 4263 345 4316 4
365 4242 451 4325 Vulg.
466 4239 629 4324 suffireeius
642 4245 739 4323 sump-
799 4258 966 4324 repugnante
981 4256 1082 4301 metro.

284 4348 339 4393 tris.
358 4333 414 4396 Sed
436 4334 557 4415 displicet
579 4341 609 4392 ‘lo
626 4334 705 4407 eius,
722 4353 738 4393 e
838 4330 947 4395 6Cum
964 4333 1069 4415 gemitu
1087 4330 1257 4413 proniuitiat.
