<?xml version="1.0" encoding="UTF-8"?>
<!DOCTYPE html PUBLIC "-//W3C//DTD XHTML 1.0 Transitional//EN"
    "http://www.w3.org/TR/xhtml1/DTD/xhtml1-transitional.dtd">
<html xmlns="http://www.w3.org/1999/xhtml" xml:lang="en" lang="en">
 <head>
  <title>
</title>
<meta http-equiv="Content-Type" content="text/html;charset=utf-8" />
  <meta name='ocr-system' content='tesseract 3.04.00' />
  <meta name='ocr-capabilities' content='ocr_page ocr_carea ocr_par ocr_line ocrx_word'/>
</head>
<body>
  <div class='ocr_page' id='page_1' title='image "./publiiterentiia00teregoog_0327.png"; bbox 0 0 2809 5234; ppageno 0'>
   <div class='ocr_carea' id='block_1_1' title="bbox 202 174 203 612">
    <p class='ocr_par' dir='ltr' id='par_1_1' title="bbox 202 174 203 612">
     <span class='ocr_line' id='line_1_1' title="bbox 202 174 203 612; baseline 0 4622"><span class='ocrx_word' id='word_1_1' title='bbox 202 174 203 612; x_wconf 95' lang='lat' dir='ltr'> </span> 
     </span>
    </p>
   </div>
   <div class='ocr_carea' id='block_1_2' title="bbox 503 884 2331 997">
    <p class='ocr_par' dir='ltr' id='par_1_2' title="bbox 503 884 2331 997">
     <span class='ocr_line' id='line_1_2' title="bbox 503 884 2331 997; baseline -0.003 -1"><span class='ocrx_word' id='word_1_2' title='bbox 503 930 518 947; x_wconf 94' lang='lat'><strong>·</strong></span> <span class='ocrx_word' id='word_1_3' title='bbox 648 915 2074 996; x_wconf 70' lang='lat' dir='ltr'>uEAuTounmoRuMssNOS.</span> <span class='ocrx_word' id='word_1_4' title='bbox 2200 884 2331 997; x_wconf 71' lang='lat'>281&#39;</span> 
     </span>
    </p>
   </div>
   <div class='ocr_carea' id='block_1_3' title="bbox 271 1077 2335 3285">
    <p class='ocr_par' dir='ltr' id='par_1_3' title="bbox 271 1077 2335 3285">
     <span class='ocr_line' id='line_1_3' title="bbox 422 1077 2329 1181; baseline -0.005 -22"><span class='ocrx_word' id='word_1_5' title='bbox 422 1089 522 1161; x_wconf 88' lang='lat' dir='ltr'>M.</span> <span class='ocrx_word' id='word_1_6' title='bbox 541 1086 615 1158; x_wconf 93' lang='lat' dir='ltr'>1d</span> <span class='ocrx_word' id='word_1_7' title='bbox 642 1085 735 1158; x_wconf 90' lang='lat' dir='ltr'>est</span> <span class='ocrx_word' id='word_1_8' title='bbox 765 1080 1069 1181; x_wconf 64' lang='lat' dir='ltr'>profecio</span> <span class='ocrx_word' id='word_1_9' title='bbox 1107 1097 1125 1130; x_wconf 89' lang='lat'>¹</span> <span class='ocrx_word' id='word_1_10' title='bbox 1149 1108 1166 1152; x_wconf 76' lang='grc' dir='ltr'><strong><em>ε</em></strong></span> <span class='ocrx_word' id='word_1_11' title='bbox 1193 1081 1261 1152; x_wconf 91' lang='lat' dir='ltr'>id</span> <span class='ocrx_word' id='word_1_12' title='bbox 1291 1077 1537 1151; x_wconf 84' lang='lat' dir='ltr'>amicae</span> <span class='ocrx_word' id='word_1_13' title='bbox 1564 1079 1771 1150; x_wconf 86' lang='lat' dir='ltr'>datur.</span> <span class='ocrx_word' id='word_1_14' title='bbox 1805 1083 1876 1150; x_wconf 86' lang='lat' dir='ltr'><strong><em>C.</em></strong></span> <span class='ocrx_word' id='word_1_15' title='bbox 1903 1078 2140 1151; x_wconf 79' lang='lat' dir='ltr'>scilicet</span> <span class='ocrx_word' id='word_1_16' title='bbox 2173 1093 2232 1168; x_wconf 84' lang='lat'>²,</span> <span class='ocrx_word' id='word_1_17' title='bbox 2257 1102 2329 1180; x_wconf 71' lang='grc' dir='ltr'>ις</span> 
     </span>
     <span class='ocr_line' id='line_1_4' title="bbox 418 1199 2335 1299; baseline -0.003 -17"><span class='ocrx_word' id='word_1_18' title='bbox 418 1205 787 1283; x_wconf 82' lang='lat' dir='ltr'>Daturum!</span> <span class='ocrx_word' id='word_1_19' title='bbox 818 1209 916 1278; x_wconf 90' lang='lat' dir='ltr'>M.</span> <span class='ocrx_word' id='word_1_20' title='bbox 941 1205 1071 1276; x_wconf 85' lang='lat' dir='ltr'>vah</span> <span class='ocrx_word' id='word_1_21' title='bbox 1093 1253 1115 1290; x_wconf 86' lang='lat'>,</span> <span class='ocrx_word' id='word_1_22' title='bbox 1135 1200 1369 1275; x_wconf 82' lang='lat' dir='ltr'>frustra</span> <span class='ocrx_word' id='word_1_23' title='bbox 1391 1200 1529 1273; x_wconf 89' lang='lat' dir='ltr'>sum</span> <span class='ocrx_word' id='word_1_24' title='bbox 1559 1199 1755 1299; x_wconf 86' lang='lat' dir='ltr'>igitur</span> <span class='ocrx_word' id='word_1_25' title='bbox 1782 1202 2034 1298; x_wconf 76' lang='lat' dir='ltr'>gavisus</span> <span class='ocrx_word' id='word_1_26' title='bbox 2060 1203 2250 1275; x_wconf 81' lang='lat' dir='ltr'>miser</span> <span class='ocrx_word' id='word_1_27' title='bbox 2282 1218 2335 1277; x_wconf 84' lang='lat'><strong><em>3.</em></strong></span> 
     </span>
     <span class='ocr_line' id='line_1_5' title="bbox 419 1324 2189 1425; baseline -0.005 -20"><span class='ocrx_word' id='word_1_28' title='bbox 419 1332 707 1425; x_wconf 83' lang='lat' dir='ltr'><strong>Quidvis</strong></span> <span class='ocrx_word' id='word_1_29' title='bbox 752 1349 970 1404; x_wconf 86' lang='lat' dir='ltr'>tamen</span> <span class='ocrx_word' id='word_1_30' title='bbox 1003 1329 1136 1400; x_wconf 83' lang='lat' dir='ltr'>iam</span> <span class='ocrx_word' id='word_1_31' title='bbox 1173 1326 1393 1416; x_wconf 87' lang='lat' dir='ltr'>malo,</span> <span class='ocrx_word' id='word_1_32' title='bbox 1426 1350 1626 1423; x_wconf 90' lang='lat' dir='ltr'>quam</span> <span class='ocrx_word' id='word_1_33' title='bbox 1664 1324 1839 1399; x_wconf 88' lang='lat' dir='ltr'>hunc</span> <span class='ocrx_word' id='word_1_34' title='bbox 1867 1326 2189 1398; x_wconf 88' lang='lat' dir='ltr'>amittere.</span> 
     </span>
     <span class='ocr_line' id='line_1_6' title="bbox 411 1447 2280 1547; baseline -0.002 -23"><span class='ocrx_word' id='word_1_35' title='bbox 411 1456 604 1547; x_wconf 76' lang='lat' dir='ltr'>Quid</span> <span class='ocrx_word' id='word_1_36' title='bbox 646 1479 817 1526; x_wconf 87' lang='lat' dir='ltr'>nunc</span> <span class='ocrx_word' id='word_1_37' title='bbox 863 1449 1371 1532; x_wconf 75' lang='lat' dir='ltr'>renuntiemabs</span> <span class='ocrx_word' id='word_1_38' title='bbox 1408 1466 1470 1520; x_wconf 87' lang='lat' dir='ltr'>te</span> <span class='ocrx_word' id='word_1_39' title='bbox 1498 1447 1876 1545; x_wconf 89' lang='lat' dir='ltr'>responsum</span> <span class='ocrx_word' id='word_1_40' title='bbox 1899 1503 1922 1536; x_wconf 90' lang='lat'><strong>,</strong></span> <span class='ocrx_word' id='word_1_41' title='bbox 1946 1449 2233 1520; x_wconf 84' lang='lat' dir='ltr'>Chreme</span> <span class='ocrx_word' id='word_1_42' title='bbox 2253 1496 2280 1534; x_wconf 87' lang='lat'><strong>,</strong></span> 
     </span>
     <span class='ocr_line' id='line_1_7' title="bbox 411 1570 2034 1670; baseline -0.002 -22"><span class='ocrx_word' id='word_1_43' title='bbox 411 1579 521 1650; x_wconf 83' lang='lat' dir='ltr'>Ne</span> <span class='ocrx_word' id='word_1_44' title='bbox 567 1577 789 1649; x_wconf 89' lang='lat' dir='ltr'>sentiat</span> <span class='ocrx_word' id='word_1_45' title='bbox 840 1600 947 1649; x_wconf 86' lang='lat' dir='ltr'>me</span> <span class='ocrx_word' id='word_1_46' title='bbox 993 1572 1289 1663; x_wconf 75' lang='lat' dir='ltr'>senfiss&#39;e,</span> <span class='ocrx_word' id='word_1_47' title='bbox 1334 1591 1535 1670; x_wconf 84' lang='lat' dir='ltr'>atque</span> <span class='ocrx_word' id='word_1_48' title='bbox 1576 1597 1768 1669; x_wconf 83' lang='lat' dir='ltr'><strong>aegre</strong></span> <span class='ocrx_word' id='word_1_49' title='bbox 1818 1570 2034 1644; x_wconf 74' lang='lat' dir='ltr'>ferat?</span> 
     </span>
     <span class='ocr_line' id='line_1_8' title="bbox 415 1694 2325 1831; baseline -0.001 -60"><span class='ocrx_word' id='word_1_50' title='bbox 415 1706 487 1774; x_wconf 90' lang='lat' dir='ltr'>C.</span> <span class='ocrx_word' id='word_1_51' title='bbox 539 1700 807 1799; x_wconf 81' lang='lat' dir='ltr'><strong>Aegre?</strong></span> <span class='ocrx_word' id='word_1_52' title='bbox 864 1697 1138 1772; x_wconf 89' lang='lat' dir='ltr'>nimium</span> <span class='ocrx_word' id='word_1_53' title='bbox 1184 1694 1326 1788; x_wconf 87' lang='lat' dir='ltr'>illi,</span> <span class='ocrx_word' id='word_1_54' title='bbox 1371 1696 1811 1831; x_wconf 74' lang='grc' dir='ltr'>Μεηεάεηιε,</span> <span class='ocrx_word' id='word_1_55' title='bbox 1856 1694 2172 1796; x_wconf 72' lang='lat' dir='ltr'>indulges.</span> <span class='ocrx_word' id='word_1_56' title='bbox 2230 1703 2325 1770; x_wconf 91' lang='lat' dir='ltr'>M.</span> 
     </span>
     <span class='ocr_line' id='line_1_9' title="bbox 741 1823 2324 1897; baseline 0.001 -3"><span class='ocrx_word' id='word_1_57' title='bbox 741 1823 922 1897; x_wconf 85' lang='lat' dir='ltr'>fine·</span> <span class='ocrx_word' id='word_1_58' title='bbox 2232 1845 2324 1896; x_wconf 89' lang='lat'>20</span> 
     </span>
     <span class='ocr_line' id='line_1_10' title="bbox 404 1941 2219 2044; baseline 0 -26"><span class='ocrx_word' id='word_1_59' title='bbox 404 1950 745 2043; x_wconf 86' lang='lat' dir='ltr'>Inceptum</span> <span class='ocrx_word' id='word_1_60' title='bbox 779 1946 906 2020; x_wconf 87' lang='lat' dir='ltr'>est·</span> <span class='ocrx_word' id='word_1_61' title='bbox 947 1943 1191 2044; x_wconf 85' lang='lat' dir='ltr'>perfice</span> <span class='ocrx_word' id='word_1_62' title='bbox 1226 1944 1359 2016; x_wconf 90' lang='lat' dir='ltr'>hoc</span> <span class='ocrx_word' id='word_1_63' title='bbox 1387 1941 1478 2015; x_wconf 85' lang='lat' dir='ltr'>mi</span> <span class='ocrx_word' id='word_1_64' title='bbox 1507 1960 1828 2041; x_wconf 85' lang='lat' dir='ltr'>perpetuo</span> <span class='ocrx_word' id='word_1_65' title='bbox 1852 1994 1875 2030; x_wconf 89' lang='lat'>‚</span> <span class='ocrx_word' id='word_1_66' title='bbox 1908 1942 2219 2023; x_wconf 87' lang='lat' dir='ltr'><strong><em>Chreme.</em></strong></span> 
     </span>
     <span class='ocr_line' id='line_1_11' title="bbox 401 2066 1911 2167; baseline -0.002 -27"><span class='ocrx_word' id='word_1_67' title='bbox 401 2075 473 2140; x_wconf 87' lang='lat' dir='ltr'>C.</span> <span class='ocrx_word' id='word_1_68' title='bbox 526 2073 663 2144; x_wconf 91' lang='lat' dir='ltr'>Dic</span> <span class='ocrx_word' id='word_1_69' title='bbox 716 2068 1141 2161; x_wconf 73' lang='lat' dir='ltr'>convenisse,</span> <span class='ocrx_word' id='word_1_70' title='bbox 1183 2067 1377 2167; x_wconf 75' lang='lat' dir='ltr'>egiss&#39;e</span> <span class='ocrx_word' id='word_1_71' title='bbox 1420 2083 1485 2139; x_wconf 90' lang='lat' dir='ltr'>te</span> <span class='ocrx_word' id='word_1_72' title='bbox 1526 2067 1607 2139; x_wconf 92' lang='lat' dir='ltr'>de</span> <span class='ocrx_word' id='word_1_73' title='bbox 1647 2066 1911 2164; x_wconf 88' lang='lat' dir='ltr'>nuptiis.</span> 
     </span>
     <span class='ocr_line' id='line_1_12' title="bbox 395 2189 2314 2294; baseline 0.003 -30"><span class='ocrx_word' id='word_1_74' title='bbox 395 2199 493 2264; x_wconf 89' lang='lat' dir='ltr'>M.</span> <span class='ocrx_word' id='word_1_75' title='bbox 510 2195 773 2268; x_wconf 85' lang='lat' dir='ltr'>Dicam.</span> <span class='ocrx_word' id='word_1_76' title='bbox 802 2195 959 2294; x_wconf 89' lang='lat' dir='ltr'>quid</span> <span class='ocrx_word' id='word_1_77' title='bbox 984 2195 1220 2268; x_wconf 88' lang='lat' dir='ltr'>deinde</span> <span class='ocrx_word' id='word_1_78' title='bbox 1240 2194 1280 2270; x_wconf 67' lang='grc' dir='ltr'>ἓ,</span> <span class='ocrx_word' id='word_1_79' title='bbox 1304 2192 1376 2264; x_wconf 87' lang='lat' dir='ltr'>C.</span> <span class='ocrx_word' id='word_1_80' title='bbox 1408 2216 1515 2264; x_wconf 89' lang='lat' dir='ltr'>me</span> <span class='ocrx_word' id='word_1_81' title='bbox 1541 2190 1864 2264; x_wconf 70' lang='lat' dir='ltr'>facturum</span> <span class='ocrx_word' id='word_1_82' title='bbox 1889 2189 2021 2265; x_wconf 79' lang='lat' dir='ltr'>effe</span> <span class='ocrx_word' id='word_1_83' title='bbox 2046 2193 2314 2272; x_wconf 68' lang='lat' dir='ltr'>omnint</span> 
     </span>
     <span class='ocr_line' id='line_1_13' title="bbox 390 2314 2053 2416; baseline 0 -26"><span class='ocrx_word' id='word_1_84' title='bbox 390 2319 726 2391; x_wconf 84' lang='lat' dir='ltr'>Generum</span> <span class='ocrx_word' id='word_1_85' title='bbox 774 2320 1071 2415; x_wconf 87' lang='lat' dir='ltr'>placere.</span> <span class='ocrx_word' id='word_1_86' title='bbox 1108 2316 1446 2416; x_wconf 84' lang='lat' dir='ltr'>postremo</span> <span class='ocrx_word' id='word_1_87' title='bbox 1475 2317 1711 2403; x_wconf 85' lang='lat' dir='ltr'>etiam,</span> <span class='ocrx_word' id='word_1_88' title='bbox 1742 2314 1790 2386; x_wconf 87' lang='lat' dir='ltr'>fi</span> <span class='ocrx_word' id='word_1_89' title='bbox 1825 2315 2053 2404; x_wconf 84' lang='lat' dir='ltr'>voles,</span> 
     </span>
     <span class='ocr_line' id='line_1_14' title="bbox 391 2440 2312 2575; baseline 0.003 -66"><span class='ocrx_word' id='word_1_90' title='bbox 391 2440 801 2534; x_wconf 81' lang='lat' dir='ltr'>Desponsam</span> <span class='ocrx_word' id='word_1_91' title='bbox 847 2467 1121 2542; x_wconf 87' lang='lat' dir='ltr'>quoque</span> <span class='ocrx_word' id='word_1_92' title='bbox 1169 2441 1302 2575; x_wconf 79' lang='lat' dir='ltr'>effe</span> <span class='ocrx_word' id='word_1_93' title='bbox 1345 2441 1581 2515; x_wconf 79' lang='lat' dir='ltr'>dicito.</span> <span class='ocrx_word' id='word_1_94' title='bbox 1627 2443 1727 2514; x_wconf 92' lang='lat' dir='ltr'>M.</span> <span class='ocrx_word' id='word_1_95' title='bbox 1762 2441 1951 2531; x_wconf 88' lang='lat' dir='ltr'>hem,</span> <span class='ocrx_word' id='word_1_96' title='bbox 1978 2441 2141 2518; x_wconf 89' lang='lat' dir='ltr'>istuc</span> <span class='ocrx_word' id='word_1_97' title='bbox 2175 2467 2312 2516; x_wconf 91' lang='lat' dir='ltr'>vo-</span> 
     </span>
     <span class='ocr_line' id='line_1_15' title="bbox 723 2564 2290 2667; baseline 0.003 -34"><span class='ocrx_word' id='word_1_98' title='bbox 723 2564 992 2640; x_wconf 85' lang='lat' dir='ltr'>lueram.</span> <span class='ocrx_word' id='word_1_99' title='bbox 2205 2590 2290 2667; x_wconf 81' lang='lat'>25</span> 
     </span>
     <span class='ocr_line' id='line_1_16' title="bbox 398 2686 2204 2788; baseline 0.004 -35"><span class='ocrx_word' id='word_1_100' title='bbox 398 2688 467 2754; x_wconf 90' lang='lat' dir='ltr'>C.</span> <span class='ocrx_word' id='word_1_101' title='bbox 490 2686 713 2758; x_wconf 88' lang='lat' dir='ltr'>Tanto</span> <span class='ocrx_word' id='word_1_102' title='bbox 738 2686 922 2760; x_wconf 85' lang='lat' dir='ltr'>ocius</span> <span class='ocrx_word' id='word_1_103' title='bbox 944 2707 1011 2762; x_wconf 88' lang='lat' dir='ltr'>te</span> <span class='ocrx_word' id='word_1_104' title='bbox 1039 2705 1110 2760; x_wconf 90' lang='lat' dir='ltr'>ut</span> <span class='ocrx_word' id='word_1_105' title='bbox 1137 2688 1361 2784; x_wconf 81' lang='lat' dir='ltr'>poscat</span> <span class='ocrx_word' id='word_1_106' title='bbox 1380 2743 1402 2780; x_wconf 85' lang='lat'>‚</span> <span class='ocrx_word' id='word_1_107' title='bbox 1432 2708 1496 2761; x_wconf 87' lang='lat' dir='ltr'>et</span> <span class='ocrx_word' id='word_1_108' title='bbox 1525 2708 1598 2761; x_wconf 87' lang='lat' dir='ltr'>tu</span> <span class='ocrx_word' id='word_1_109' title='bbox 1628 2688 1696 2762; x_wconf 89' lang='lat' dir='ltr'>id</span> <span class='ocrx_word' id='word_1_110' title='bbox 1717 2744 1736 2778; x_wconf 94' lang='lat'>,</span> <span class='ocrx_word' id='word_1_111' title='bbox 1767 2690 1951 2788; x_wconf 88' lang='lat' dir='ltr'>quod</span> <span class='ocrx_word' id='word_1_112' title='bbox 1978 2690 2163 2784; x_wconf 87' lang='lat' dir='ltr'>cupis</span> <span class='ocrx_word' id='word_1_113' title='bbox 2180 2743 2204 2780; x_wconf 88' lang='lat'><strong><em>‚</em></strong></span> 
     </span>
     <span class='ocr_line' id='line_1_17' title="bbox 379 2808 2298 2913; baseline 0.006 -36"><span class='ocrx_word' id='word_1_114' title='bbox 379 2811 603 2900; x_wconf 81' lang='lat' dir='ltr'>Quam</span> <span class='ocrx_word' id='word_1_115' title='bbox 644 2808 937 2882; x_wconf 85' lang='lat' dir='ltr'>ociffime</span> <span class='ocrx_word' id='word_1_116' title='bbox 987 2830 1060 2884; x_wconf 88' lang='lat' dir='ltr'>ut</span> <span class='ocrx_word' id='word_1_117' title='bbox 1112 2811 1245 2886; x_wconf 84' lang='lat' dir='ltr'>des.</span> <span class='ocrx_word' id='word_1_118' title='bbox 1296 2816 1397 2884; x_wconf 87' lang='grc' dir='ltr'>Μ.</span> <span class='ocrx_word' id='word_1_119' title='bbox 1443 2815 1662 2910; x_wconf 90' lang='lat' dir='ltr'>cupio.</span> <span class='ocrx_word' id='word_1_120' title='bbox 1723 2819 1796 2889; x_wconf 90' lang='lat' dir='ltr'>C.</span> <span class='ocrx_word' id='word_1_121' title='bbox 1850 2840 1969 2889; x_wconf 86' lang='lat' dir='ltr'>nae</span> <span class='ocrx_word' id='word_1_122' title='bbox 2019 2832 2088 2887; x_wconf 86' lang='lat' dir='ltr'>tu</span> <span class='ocrx_word' id='word_1_123' title='bbox 2129 2838 2298 2913; x_wconf 88' lang='lat' dir='ltr'>pro·</span> 
     </span>
     <span class='ocr_line' id='line_1_18' title="bbox 715 2935 1032 3032; baseline -0.006 -23"><span class='ocrx_word' id='word_1_124' title='bbox 715 2935 976 3032; x_wconf 89' lang='lat' dir='ltr'>pediem</span> <span class='ocrx_word' id='word_1_125' title='bbox 1006 2987 1032 3026; x_wconf 87' lang='lat'>,</span> 
     </span>
     <span class='ocr_line' id='line_1_19' title="bbox 372 3058 1854 3167; baseline 0.003 -37"><span class='ocrx_word' id='word_1_126' title='bbox 372 3059 466 3131; x_wconf 90' lang='lat' dir='ltr'>Ut</span> <span class='ocrx_word' id='word_1_127' title='bbox 494 3058 678 3134; x_wconf 88' lang='lat' dir='ltr'>istam</span> <span class='ocrx_word' id='word_1_128' title='bbox 706 3087 844 3135; x_wconf 88' lang='lat' dir='ltr'>rem</span> <span class='ocrx_word' id='word_1_129' title='bbox 874 3060 1129 3167; x_wconf 37' lang='lat' dir='ltr'>videm·</span> <span class='ocrx_word' id='word_1_130' title='bbox 1161 3059 1339 3135; x_wconf 86' lang='lat' dir='ltr'>istius</span> <span class='ocrx_word' id='word_1_131' title='bbox 1373 3060 1854 3136; x_wconf 84' lang='lat' dir='ltr'>obsaturabere.</span> 
     </span>
     <span class='ocr_line' id='line_1_20' title="bbox 271 3184 2166 3285; baseline 0.001 -28"><span class='ocrx_word' id='word_1_132' title='bbox 271 3244 285 3257; x_wconf 94' lang='lat'><strong><em>.</em></strong></span> <span class='ocrx_word' id='word_1_133' title='bbox 365 3184 538 3273; x_wconf 80' lang='lat' dir='ltr'>Sed,</span> <span class='ocrx_word' id='word_1_134' title='bbox 565 3185 723 3257; x_wconf 89' lang='lat' dir='ltr'>haec</span> <span class='ocrx_word' id='word_1_135' title='bbox 755 3202 787 3246; x_wconf 82' lang='lat'>4</span> <span class='ocrx_word' id='word_1_136' title='bbox 817 3184 912 3258; x_wconf 86' lang='lat' dir='ltr'>uti</span> <span class='ocrx_word' id='word_1_137' title='bbox 945 3186 1139 3277; x_wconf 88' lang='lat' dir='ltr'>sunt,</span> <span class='ocrx_word' id='word_1_138' title='bbox 1180 3185 1472 3276; x_wconf 86' lang='lat' dir='ltr'>cautim,</span> <span class='ocrx_word' id='word_1_139' title='bbox 1495 3204 1561 3260; x_wconf 80' lang='lat' dir='ltr'>et</span> <span class='ocrx_word' id='word_1_140' title='bbox 1585 3188 1899 3285; x_wconf 87' lang='lat' dir='ltr'>paulatim</span> <span class='ocrx_word' id='word_1_141' title='bbox 1937 3186 2117 3259; x_wconf 88' lang='lat' dir='ltr'>dabis</span> <span class='ocrx_word' id='word_1_142' title='bbox 2142 3240 2166 3277; x_wconf 89' lang='lat'><strong><em>‚</em></strong></span> 
     </span>
    </p>
   </div>
   <div class='ocr_carea' id='block_1_4' title="bbox 335 3367 2345 4521">
    <p class='ocr_par' dir='ltr' id='par_1_4' title="bbox 346 3367 2345 3993">
     <span class='ocr_line' id='line_1_21' title="bbox 452 3367 2282 3455; baseline 0.004 -29"><span class='ocrx_word' id='word_1_143' title='bbox 452 3388 473 3426; x_wconf 84' lang='lat'><em>1</em></span> <span class='ocrx_word' id='word_1_144' title='bbox 514 3367 681 3433; x_wconf 78' lang='lat' dir='ltr'>Nunc</span> <span class='ocrx_word' id='word_1_145' title='bbox 707 3370 969 3431; x_wconf 88' lang='lat' dir='ltr'>tandem</span> <span class='ocrx_word' id='word_1_146' title='bbox 955 3393 1011 3431; x_wconf 85' lang='lat' dir='ltr'>m</span> <span class='ocrx_word' id='word_1_147' title='bbox 1038 3374 1267 3452; x_wconf 79' lang='lat' dir='ltr'>opinio-</span> <span class='ocrx_word' id='word_1_148' title='bbox 1386 3371 1630 3435; x_wconf 84' lang='lat' dir='ltr'>summae</span> <span class='ocrx_word' id='word_1_149' title='bbox 1674 3374 1957 3446; x_wconf 86' lang='lat' dir='ltr'>fortunae,</span> <span class='ocrx_word' id='word_1_150' title='bbox 1995 3393 2160 3455; x_wconf 84' lang='lat' dir='ltr'>quam</span> <span class='ocrx_word' id='word_1_151' title='bbox 2190 3374 2282 3434; x_wconf 83' lang='lat' dir='ltr'>in-</span> 
     </span>
     <span class='ocr_line' id='line_1_22' title="bbox 356 3473 2278 3566; baseline 0.007 -33"><span class='ocrx_word' id='word_1_152' title='bbox 356 3493 484 3534; x_wconf 87' lang='lat' dir='ltr'>nem</span> <span class='ocrx_word' id='word_1_153' title='bbox 513 3477 550 3536; x_wconf 89' lang='lat' dir='ltr'>s.</span> <span class='ocrx_word' id='word_1_154' title='bbox 587 3480 766 3559; x_wconf 78' lang='lat' dir='ltr'>potius</span> <span class='ocrx_word' id='word_1_155' title='bbox 801 3500 1044 3541; x_wconf 85' lang='lat' dir='ltr'>errorem</span> <span class='ocrx_word' id='word_1_156' title='bbox 1069 3481 1257 3544; x_wconf 86' lang='lat' dir='ltr'>Chre-</span> <span class='ocrx_word' id='word_1_157' title='bbox 1378 3484 1626 3566; x_wconf 80' lang='lat' dir='ltr'>grediens</span> <span class='ocrx_word' id='word_1_158' title='bbox 1655 3473 2080 3566; x_wconf 78' lang='lat' dir='ltr'>praedicaverat.</span> <span class='ocrx_word' id='word_1_159' title='bbox 2112 3482 2278 3547; x_wconf 89' lang='lat' dir='ltr'>Unde</span> 
     </span>
     <span class='ocr_line' id='line_1_23' title="bbox 356 3582 2345 3678; baseline 0.008 -39"><span class='ocrx_word' id='word_1_160' title='bbox 356 3582 513 3641; x_wconf 83' lang='lat' dir='ltr'>metis</span> <span class='ocrx_word' id='word_1_161' title='bbox 545 3583 845 3660; x_wconf 87' lang='lat' dir='ltr'>inducitur;</span> <span class='ocrx_word' id='word_1_162' title='bbox 884 3585 1104 3667; x_wconf 85' lang='lat' dir='ltr'>ipseque</span> <span class='ocrx_word' id='word_1_163' title='bbox 1132 3588 1256 3649; x_wconf 87' lang='lat' dir='ltr'>inde</span> <span class='ocrx_word' id='word_1_164' title='bbox 1377 3591 1685 3652; x_wconf 85' lang='lat' dir='ltr'>continetur</span> <span class='ocrx_word' id='word_1_165' title='bbox 1732 3593 1839 3678; x_wconf 83' lang='lat' dir='ltr'>iam</span> <span class='ocrx_word' id='word_1_166' title='bbox 1888 3609 2002 3650; x_wconf 84' lang='lat' dir='ltr'>uno</span> <span class='ocrx_word' id='word_1_167' title='bbox 2047 3588 2276 3666; x_wconf 86' lang='lat' dir='ltr'>solatio,</span> <span class='ocrx_word' id='word_1_168' title='bbox 2341 3649 2345 3654; x_wconf 88' lang='lat'><strong><em>.</em></strong></span> 
     </span>
     <span class='ocr_line' id='line_1_24' title="bbox 346 3684 2274 3779; baseline 0.009 -39"><span class='ocrx_word' id='word_1_169' title='bbox 346 3684 567 3765; x_wconf 66' lang='lat' dir='ltr'>colligit,</span> <span class='ocrx_word' id='word_1_170' title='bbox 578 3707 785 3747; x_wconf 74' lang='lat' dir='ltr'>amicae</span> <span class='ocrx_word' id='word_1_171' title='bbox 803 3690 1017 3749; x_wconf 89' lang='lat' dir='ltr'>datum</span> <span class='ocrx_word' id='word_1_172' title='bbox 1004 3712 1087 3763; x_wconf 81' lang='lat' dir='ltr'>m,</span> <span class='ocrx_word' id='word_1_173' title='bbox 1103 3694 1255 3771; x_wconf 76' lang='lat' dir='ltr'>quid-</span> <span class='ocrx_word' id='word_1_174' title='bbox 1374 3694 1535 3775; x_wconf 84' lang='lat' dir='ltr'>quod·</span> <span class='ocrx_word' id='word_1_175' title='bbox 1552 3698 1761 3757; x_wconf 76' lang='lat' dir='ltr'>redierit</span> <span class='ocrx_word' id='word_1_176' title='bbox 1796 3695 1897 3775; x_wconf 72' lang='lat' dir='ltr'>ipsi</span> <span class='ocrx_word' id='word_1_177' title='bbox 1931 3695 2104 3769; x_wconf 85' lang='lat' dir='ltr'>filius,</span> <span class='ocrx_word' id='word_1_178' title='bbox 2133 3717 2274 3779; x_wconf 85' lang='lat' dir='ltr'>quo-</span> 
     </span>
     <span class='ocr_line' id='line_1_25' title="bbox 349 3778 2293 3882; baseline 0.011 -41"><span class='ocrx_word' id='word_1_179' title='bbox 349 3787 484 3862; x_wconf 88' lang='lat' dir='ltr'>quid</span> <span class='ocrx_word' id='word_1_180' title='bbox 503 3786 640 3846; x_wconf 84' lang='lat' dir='ltr'>filius</span> <span class='ocrx_word' id='word_1_181' title='bbox 660 3792 729 3848; x_wconf 87' lang='lat' dir='ltr'>ad</span> <span class='ocrx_word' id='word_1_182' title='bbox 745 3795 952 3873; x_wconf 82' lang='lat' dir='ltr'>nuptias</span> <span class='ocrx_word' id='word_1_183' title='bbox 974 3795 1247 3873; x_wconf 85' lang='lat' dir='ltr'>poposce-</span> <span class='ocrx_word' id='word_1_184' title='bbox 1367 3778 1482 3882; x_wconf 74' lang='lat' dir='ltr'>quo</span> <span class='ocrx_word' id='word_1_185' title='bbox 1518 3801 1696 3861; x_wconf 89' lang='lat' dir='ltr'>modo</span> <span class='ocrx_word' id='word_1_186' title='bbox 1738 3802 2016 3863; x_wconf 85' lang='lat' dir='ltr'>habendus</span> <span class='ocrx_word' id='word_1_187' title='bbox 2040 3802 2120 3866; x_wconf 91' lang='lat'>111</span> <span class='ocrx_word' id='word_1_188' title='bbox 2138 3849 2159 3875; x_wconf 87' lang='lat'><em>,</em></span> <span class='ocrx_word' id='word_1_189' title='bbox 2196 3823 2220 3862; x_wconf 89' lang='lat'>1</span> <span class='ocrx_word' id='word_1_190' title='bbox 2249 3846 2293 3877; x_wconf 86' lang='lat'>,·</span> 
     </span>
     <span class='ocr_line' id='line_1_26' title="bbox 346 3890 1878 3993; baseline 0.016 -46"><span class='ocrx_word' id='word_1_191' title='bbox 346 3890 430 3949; x_wconf 86' lang='lat' dir='ltr'>rit.</span> <span class='ocrx_word' id='word_1_192' title='bbox 1377 3928 1441 3992; x_wconf 82' lang='lat'>55</span> <span class='ocrx_word' id='word_1_193' title='bbox 1478 3907 1661 3990; x_wconf 87' lang='lat' dir='ltr'><strong><em>sq.-&amp;</em></strong></span> <span class='ocrx_word' id='word_1_194' title='bbox 1701 3909 1778 3970; x_wconf 90' lang='lat'>86</span> <span class='ocrx_word' id='word_1_195' title='bbox 1803 3910 1878 3993; x_wconf 90' lang='lat' dir='ltr'>sq.</span> 
     </span>
    </p>

    <p class='ocr_par' dir='ltr' id='par_1_5' title="bbox 335 3987 2262 4408">
     <span class='ocr_line' id='line_1_27' title="bbox 426 3987 2262 4098; baseline 0.014 -50"><span class='ocrx_word' id='word_1_196' title='bbox 426 4008 459 4048; x_wconf 84' lang='lat'>2</span> <span class='ocrx_word' id='word_1_197' title='bbox 484 3987 538 4048; x_wconf 88' lang='lat' dir='ltr'><strong><em>h.</em></strong></span> <span class='ocrx_word' id='word_1_198' title='bbox 577 4009 627 4049; x_wconf 89' lang='lat' dir='ltr'>e.</span> <span class='ocrx_word' id='word_1_199' title='bbox 665 3988 796 4053; x_wconf 84' lang='lat' dir='ltr'>scire</span> <span class='ocrx_word' id='word_1_200' title='bbox 827 3994 951 4056; x_wconf 86' lang='lat' dir='ltr'>licet</span> <span class='ocrx_word' id='word_1_201' title='bbox 975 4039 994 4071; x_wconf 92' lang='lat'>,</span> <span class='ocrx_word' id='word_1_202' title='bbox 1031 4018 1241 4065; x_wconf 86' lang='lat' dir='ltr'>certum</span> <span class='ocrx_word' id='word_1_203' title='bbox 1443 4036 1481 4086; x_wconf 89' lang='lat'>4</span> <span class='ocrx_word' id='word_1_204' title='bbox 1513 4011 1602 4072; x_wconf 87' lang='lat' dir='ltr'>Sic</span> <span class='ocrx_word' id='word_1_205' title='bbox 1640 4013 1841 4074; x_wconf 89' lang='lat' dir='ltr'>Bemb.</span> <span class='ocrx_word' id='word_1_206' title='bbox 1876 4016 2023 4098; x_wconf 88' lang='lat' dir='ltr'>quod</span> <span class='ocrx_word' id='word_1_207' title='bbox 2046 4017 2262 4077; x_wconf 85' lang='lat' dir='ltr'>Faerno</span> 
     </span>
     <span class='ocr_line' id='line_1_28' title="bbox 336 4094 2259 4203; baseline 0.015 -50"><span class='ocrx_word' id='word_1_208' title='bbox 336 4094 720 4168; x_wconf 77' lang='lat' dir='ltr'>est‚daturum</span> <span class='ocrx_word' id='word_1_209' title='bbox 737 4099 843 4162; x_wconf 78' lang='lat' dir='ltr'>effe</span> <span class='ocrx_word' id='word_1_210' title='bbox 863 4105 1091 4167; x_wconf 85' lang='lat' dir='ltr'>amicae.</span> <span class='ocrx_word' id='word_1_211' title='bbox 1111 4106 1236 4171; x_wconf 83' lang='lat' dir='ltr'>Iun·</span> <span class='ocrx_word' id='word_1_212' title='bbox 1361 4118 1578 4197; x_wconf 59' lang='lat' dir='ltr'>placuit.</span> <span class='ocrx_word' id='word_1_213' title='bbox 1615 4120 1789 4203; x_wconf 84' lang='lat' dir='ltr'><strong><em>Vulg.</em></strong></span> <span class='ocrx_word' id='word_1_214' title='bbox 1831 4142 1890 4182; x_wconf 75' lang='lat' dir='ltr'>ut</span> <span class='ocrx_word' id='word_1_215' title='bbox 1924 4143 2020 4197; x_wconf 85' lang='lat' dir='ltr'>ut,</span> <span class='ocrx_word' id='word_1_216' title='bbox 2053 4125 2108 4182; x_wconf 89' lang='lat' dir='ltr'>in</span> <span class='ocrx_word' id='word_1_217' title='bbox 2145 4142 2259 4203; x_wconf 88' lang='lat' dir='ltr'>quo</span> 
     </span>
     <span class='ocr_line' id='line_1_29' title="bbox 338 4207 2253 4309; baseline 0.011 -43"><span class='ocrx_word' id='word_1_218' title='bbox 338 4208 477 4288; x_wconf 83' lang='lat' dir='ltr'>gitur</span> <span class='ocrx_word' id='word_1_219' title='bbox 496 4207 705 4272; x_wconf 83' lang='lat' dir='ltr'>infinito</span> <span class='ocrx_word' id='word_1_220' title='bbox 735 4229 794 4275; x_wconf 90' lang='lat' dir='ltr'>ut</span> <span class='ocrx_word' id='word_1_221' title='bbox 815 4214 866 4278; x_wconf 90' lang='lat'>11</span> <span class='ocrx_word' id='word_1_222' title='bbox 882 4260 905 4288; x_wconf 89' lang='lat'>,</span> <span class='ocrx_word' id='word_1_223' title='bbox 939 4238 971 4277; x_wconf 81' lang='lat'>2</span> <span class='ocrx_word' id='word_1_224' title='bbox 982 4261 1005 4292; x_wconf 90' lang='lat'><em>,</em></span> <span class='ocrx_word' id='word_1_225' title='bbox 1037 4238 1060 4277; x_wconf 91' lang='lat'>1</span> <span class='ocrx_word' id='word_1_226' title='bbox 1078 4238 1146 4299; x_wconf 88' lang='lat'>¹7</span> <span class='ocrx_word' id='word_1_227' title='bbox 1169 4225 1232 4285; x_wconf 86' lang='lat'>&amp;</span> <span class='ocrx_word' id='word_1_228' title='bbox 1350 4223 1429 4288; x_wconf 83' lang='lat' dir='ltr'>est</span> <span class='ocrx_word' id='word_1_229' title='bbox 1450 4227 1720 4308; x_wconf 86' lang='lat' dir='ltr'>quaedam</span> <span class='ocrx_word' id='word_1_230' title='bbox 1740 4229 2060 4309; x_wconf 78' lang='lat' dir='ltr'>ambiguitas</span> <span class='ocrx_word' id='word_1_231' title='bbox 2078 4273 2097 4299; x_wconf 88' lang='lat'>,</span> <span class='ocrx_word' id='word_1_232' title='bbox 2115 4247 2253 4307; x_wconf 78' lang='lat' dir='ltr'>quae</span> 
     </span>
     <span class='ocr_line' id='line_1_30' title="bbox 335 4312 2074 4408; baseline 0.011 -35"><span class='ocrx_word' id='word_1_233' title='bbox 335 4313 391 4373; x_wconf 85' lang='lat' dir='ltr'><strong>V</strong></span> <span class='ocrx_word' id='word_1_234' title='bbox 419 4360 437 4390; x_wconf 93' lang='lat'><strong>,</strong></span> <span class='ocrx_word' id='word_1_235' title='bbox 477 4338 502 4377; x_wconf 86' lang='lat'>1</span> <span class='ocrx_word' id='word_1_236' title='bbox 521 4363 544 4389; x_wconf 92' lang='lat'>,</span> <span class='ocrx_word' id='word_1_237' title='bbox 585 4340 672 4401; x_wconf 87' lang='lat'>¹9·</span> <span class='ocrx_word' id='word_1_238' title='bbox 1348 4354 1465 4399; x_wconf 87' lang='lat' dir='ltr'>non</span> <span class='ocrx_word' id='word_1_239' title='bbox 1487 4333 1750 4399; x_wconf 84' lang='lat' dir='ltr'>convenit</span> <span class='ocrx_word' id='word_1_240' title='bbox 1771 4312 2074 4408; x_wconf 73' lang='lat' dir='ltr'>Chremeti,</span> 
     </span>
    </p>

    <p class='ocr_par' dir='ltr' id='par_1_6' title="bbox 420 4424 1229 4521">
     <span class='ocr_line' id='line_1_31' title="bbox 420 4424 1229 4521; baseline 0.023 -38"><span class='ocrx_word' id='word_1_241' title='bbox 420 4441 448 4502; x_wconf 82' lang='lat'>3</span> <span class='ocrx_word' id='word_1_242' title='bbox 477 4424 593 4486; x_wconf 83' lang='lat' dir='ltr'>Iam</span> <span class='ocrx_word' id='word_1_243' title='bbox 623 4428 782 4509; x_wconf 88' lang='lat' dir='ltr'>plane</span> <span class='ocrx_word' id='word_1_244' title='bbox 820 4434 1023 4497; x_wconf 84' lang='lat' dir='ltr'>decidit</span> <span class='ocrx_word' id='word_1_245' title='bbox 1043 4435 1111 4499; x_wconf 83' lang='lat' dir='ltr'>de</span> <span class='ocrx_word' id='word_1_246' title='bbox 1135 4437 1229 4521; x_wconf 90' lang='lat' dir='ltr'>spe</span> 
     </span>
    </p>
   </div>
  </div>
 </body>
</html>
