2809 5234
275 805 347 910 366
538 805 575 878 e.
635 796 1031 878 renaurrt

269 969 402 1045 Omnia
422 993 543 1042 omnes
559 967 620 1041 ubi
640 964 834 1041 resciscunt.
858 965 940 1056 hic,
962 987 1053 1063 quos
1078 987 1148 1062 par
1184 958 1274 1039 sue·

476 1113 529 1166 rat
552 1088 765 1180 resciscere,
846 1068 848 1073 ¹

272 1218 416 1304 Sciunt3
434 1239 525 1314 quos
547 1239 620 1286 non
640 1230 757 1286 autem
779 1206 865 1282 scire
883 1232 1034 1307 aequom
1064 1206 1117 1279 est
1139 1225 1152 1259 ¹
1172 1260 1188 1301 ,
1205 1237 1274 1283 ne.

462 1363 531 1438 que
552 1335 754 1423 resciscent,
771 1357 885 1432 neque
911 1329 1028 1404 scient.

269 1467 313 1537 B.
334 1463 448 1533 lmmo
467 1460 588 1548 etiam,
608 1459 669 1556 qui
688 1458 758 1530 hoc
772 1455 950 1530 occultum
966 1453 1008 1525 iri
1023 1447 1168 1524 facilius
1185 1478 1269 1526 cre·

469 1583 553 1672 das,
573 1582 692 1653 dabo:

271 1707 456 1812 Myrrhina
471 1709 520 1781 ita
536 1707 707 1804 Phidippo
730 1701 836 1803 dixit,
858 1700 1076 1778 iuriiurando
1105 1729 1198 1776 meo
1221 1727 1270 1800 30

271 1837 314 1907 Se
328 1831 436 1906 fidem
460 1827 634 1920 habuisse,
654 1846 690 1901 et
706 1844 894 1925 propterea
914 1842 949 1896 te
969 1823 1030 1897 fibi
1052 1845 1269 1924 purgatum.

473 1953 568 2023 Pam.
592 1967 738 2046 optume
765 1946 838 2021 est:

272 2074 454 2172 Speroque
471 2071 559 2144 hanc
580 2096 654 2144 rem
673 2069 740 2144 effe
765 2089 970 2146 eventuram
990 2070 1098 2147 nobis
1113 2098 1164 2149 ex
1183 2076 1264 2150 sen·

496 2209 618 2267 tentia.

272 2318 353 2393 Par.
374 2319 526 2407 ²Here,
552 2317 680 2391 licetne
708 2315 793 2390 scire
820 2336 943 2411 exte,
965 2318 1072 2392 hodie
1100 2326 1196 2422 quid
1219 2326 1260 2399 fit

469 2439 567 2538 quod
597 2439 665 2514 feci
691 2439 778 2513 boni
797 2442 837 2516 ’l

271 2590 344 2662 Aut
361 2585 446 2685 quid
462 2585 545 2659 istuc
567 2584 640 2677 est,
660 2589 759 2686 quod
782 2614 849 2662 vos
867 2590 989 2689 agitis?
1008 2596 1097 2669 Pam.
1119 2623 1199 2673 non
1213 2601 1255 2673 li.

471 2727 537 2782 cet.
564 2712 640 2782 Par.
660 2727 776 2782 tamen
792 2710 945 2809 suspicor
960 2734 998 2785 ⁴:

268 2849 379 2949 Egon'
400 2855 485 2922 lunc
499 2853 542 2920 ab
559 2855 644 2923 Orco
663 2873 824 2921 mortuum
843 2871 854 2912 τ
871 2856 977 2949 dquo
1000 2856 1104 2949 pallo
1122 2864 1247 2935 ?Pam.

465 2974 573 3049 nescis
582 3032 595 3066 ,
612 2976 780 3049 Parmeno
800 2984 815 3022 ‘
831 3031 843 3067 ,
1203 2999 1246 3079 35

267 3107 452 3201 Quantum
475 3104 580 3176 hodie
599 3103 771 3200 profueris
788 3103 900 3196 mihi,
918 3122 953 3178 et
973 3130 1015 3177 ex
1037 3129 1173 3204 quanta
1192 3137 1253 3183 ae-

465 3251 588 3298 rumna
608 3228 808 3301 extraxeris.

266 3487 287 3546 ³3
302 3468 333 3526 in
346 3464 409 3551 ipsa
424 3466 575 3527 comoedia
595 3487 717 3527 comoe-
798 3466 866 3529 fecit
883 3464 952 3530 honi
963 3468 1040 3548 ,nili
1053 3476 1137 3558 quod
1153 3480 1255 3541 arces-

267 3575 345 3635 diam
355 3574 554 3634 memorando.
796 3572 868 3635 seret
887 3574 1082 3658 Pamphilum.

309 3699 321 3736 1
336 3679 438 3751 Senes,
451 3687 477 3738 δι
491 3677 601 3738 servum
615 3680 713 3740 curio-
836 3709 856 3760 4
873 3684 936 3747 Par.
954 3685 1001 3745 sbi
1018 3686 1166 3772 loquitur.

265 3781 337 3844 suin.
534 3796 540 3804 ’
837 3810 850 3866 ς
877 3789 934 3852 lnt.
956 3793 1089 3852 reducem
1108 3794 1194 3872 feci,
1215 3822 1258 3863 ex

308 3908 324 3943 ι
356 3880 441 3945 Redit
473 3884 586 3959 servus,
609 3890 713 3971 quiin
796 3912 824 3951 v.
843 3912 889 3970 ¹3·

264 3987 344 4049 hisce
357 3988 432 4047 nihil
447 3990 606 4073 intelligit,
620 3995 654 4052 ad
668 4017 716 4053 er·
839 4007 856 4056 6
876 3998 1043 4081 Pamphilus
1064 3971 1181 4064 servum
1203 4012 1257 4069 vi-

265 4092 542 4179 piscandum,qu0d
552 4098 646 4177 ipsum
656 4100 713 4160 sci·
796 4104 867 4164 dens
888 4108 1089 4184 curiosiorem,
1110 4115 1195 4173 addit
1215 4140 1255 4178 e-

267 4220 299 4262 te
316 4224 378 4260 non
393 4225 516 4285 aequum
530 4226 597 4266 crat.
798 4215 865 4271 tiam
876 4216 1005 4276 stimulos
1019 4221 1141 4302 ,quibus
1152 4230 1253 4310 magio

310 4328 325 4386 3
344 4308 464 4390 Ineptus
479 4312 557 4373 nihil
570 4314 602 4374 in
614 4317 668 4379 hac
682 4339 715 4382 re
797 4319 964 4387 conficiatur
979 4325 1080 4390 stuslra
1097 4326 1254 4400 laborant.
