2809 5234
278 867 368 950 204'
525 843 573 932 Ῥ.
620 858 1012 937 TERENTII

273 1023 325 1093 M.
337 1018 414 1095 Sine
429 1047 506 1110 me,
517 1023 680 1100 vacivom
692 1043 823 1120 tempus
835 1047 876 1097 ne
889 1027 985 1123 quod
996 1027 1090 1104 duim
1104 1032 1188 1108 milti

256 1145 422 1220 ¹Laboris.
449 1149 485 1222 C.
508 1173 578 1221 non
603 1147 725 1236 finam,
743 1144 880 1245 inquam
900 1164 924 1222 ¹.
945 1155 996 1223 M.
1015 1153 1163 1247 ah,n0n
1183 1184 1241 1234 ae.

233 1275 237 1282 '
443 1297 548 1371 quom
570 1271 670 1344 sacis..

175 1468 182 1490 ,
273 1404 312 1474 C.
329 1396 399 1471 Hui
419 1414 486 1468 tam
509 1397 641 1494 graveis
660 1395 724 1469 hos
747 1395 869 1492 quaeso
885 1398 929 1472 ²l
955 1404 1007 1475 M.
1022 1400 1067 1477 sic
1082 1408 1238 1485 meritum

317 1620 324 1635 ι
440 1518 487 1594 est
512 1544 636 1592 meum·
1190 1559 1240 1626 40

247 1640 307 1721 20
319 1647 419 1720 Nunc
430 1643 582 1743 loquere.
596 1647 645 1715 Μ.
660 1640 764 1715 filium
778 1642 912 1719 unicum
929 1647 1212 1730 adolescentulum
1279 1674 1289 1697 ‘·

271 1772 403 1846 Habeo.
425 1767 574 1866 ahquid
599 1766 669 1840 dixi
697 1764 819 1839 habere
845 1794 901 1845 me
916 1773 960 1844 ³?
981 1771 1089 1849 immo
1109 1778 1237 1872 habui,

440 1893 598 1965 Chreme.
891 1912 905 1947 ·

270 2019 371 2091 Nunc
384 2016 612 2106 habeam,nec
621 2038 681 2120 ne,
693 2014 855 2090 incertum
868 2012 1064 2116 est.C.quid
1074 2017 1121 2093 ita
1130 2019 1238 2097 istuc?

440 2144 491 2213 Μ.
513 2137 602 2213 scies.

270 2264 327 2340 Est
339 2290 358 2338 e
371 2263 540 2338 Corintho
555 2262 611 2336 hic
624 2252 753 2337 advena
771 2288 852 2337 anus
871 2264 1091 2360 paupercula:

150 2423 152 2426 ·
268 2386 679 2460 Eius·fi1iamilleamare
703 2385 816 2483 coepit
834 2384 984 2481 perdite,
1013 2406 1018 2413 “
1185 2416 1231 2490 45

269 2511 381 2606 Prope
406 2509 472 2581 iam
494 2527 530 2580 ut
553 2532 617 2605 pro
645 2533 750 2584 uxore
774 2508 913 2583 haberet
929 2532 941 2578 :1
964 2509 1048 2585 haec
1068 2512 1153 2585 clam
1179 2539 1237 2588 me

442 2632 565 2704 omnia.

268 2753 339 2830 Ubi
356 2777 426 2825 tem
449 2754 590 2844 rescivi,
608 2757 705 2856 coepi
722 2780 792 2828 non
813 2754 1024 2842 humanitus,
1045 2734 1050 2746 ⁸

268 2880 389 2976 Neque
401 2901 438 2952 ut
453 2880 600 2953 animum
618 2881 731 2953 decuit
747 2896 919 2977 aegrotum
931 2877 1185 2969 adolescentuli,

269 3002 450 3088 Tradarc,
461 3003 516 3076 sed
533 3003 617 3076 lvia
635 3004 829 3100 pervolgata
840 3024 985 3098 patrum.
1013 3016 1018 3031 '
1164 2982 1167 2987 Ι

268 3126 433 3224 Quotidie
453 3128 644 3202 accusabam
659 3151 669 3196 r
684 3127 787 3210 hem,
807 3126 911 3199 tibine
923 3126 1012 3202 'haec
1034 3125 1154 3202 diutile
1186 3151 1232 3226 50

266 3253 383 3327 Licere
402 3253 507 3350 speras
527 3251 638 3326 sacere
664 3276 719 3325 me
742 3251 827 3327 vivo
847 3269 963 3348 patre,

265 3379 420 3450 Amicam
434 3398 471 3449 ut
483 3377 601 3449 habeas
614 3400 721 3474 prope
736 3376 801 3455 iam
815 3375 850 3446 in
862 3375 977 3449 uxoris
990 3375 1098 3446 loco?

266 3503 388 3589 Erras,
408 3498 432 3573 st
455 3499 489 3572 id
518 3500 645 3589 credis,
673 3516 708 3573 et
731 3524 786 3572 me
811 3499 944 3598 ignoras
957 3549 971 3586 ,
992 3496 1112 3570 Clinia.

312 3707 325 3746 r
347 3683 432 3745 Simul
451 3683 537 3744 aufert
548 3686 572 3746 ei
590 3682 697 3746 rastros.
779 3687 933 3747 mutatione
953 3684 1041 3768 magis
1058 3662 1231 3764 colligimus,

309 3798 328 3838 2
342 3779 390 3835 int.
405 3776 521 3838 tradas?
778 3778 836 3840 vid.
851 3801 882 3838 v.
904 3777 938 3860 58
951 3778 988 3860 sq.
1000 3779 1032 3839 &
1043 3776 1079 3857 63
1092 3776 1130 3859 sq.

312 3891 326 3952 3
353 3872 532 3933 Lacrimabile
546 3872 585 3934 ell
604 3872 720 3954 habutffi
820 3896 839 3948 4
856 3873 977 3955 Vulgata
990 3875 1020 3933 vi
1039 3873 1066 3933 se
1086 3875 1134 3933 via
1151 3893 1230 3935 exce·

267 3965 296 4025 δ’
309 3965 381 4025 nihil
387 3965 478 4024 habere
482 4011 492 4036 ,
507 3965 523 4023 l.
534 3968 652 4026 dubitare
662 4014 671 4043 ‚
680 3991 717 4026 an
779 3965 818 4026 dit
830 3965 984 4042 fenarium3
999 3967 1103 4050 &quid
1111 3988 1180 4049 opus
1188 3963 1229 4026 est

265 4060 352 4118 adlatae
369 4058 474 4120 labeas.
491 4057 607 4118 Videtur
623 4082 719 4119 amans
780 4060 809 4117 oi
822 4058 857 4117 ad
867 4056 1059 4119 accusandum.
1068 4059 1171 4120 Ortum
1181 4079 1231 4118 nos

268 4151 334 4228 filii,
352 4153 396 4214 sed
418 4155 505 4236 magis
523 4152 562 4213 est
575 4154 620 4214 sui.
640 4154 716 4236 quod
776 4153 934 4212 bisvidetur·
941 4153 971 4209 vi
978 4173 1010 4211 ex
1019 4152 1148 4234 ambigue
1158 4150 1229 4210 lesio

267 4243 382 4305 ostendit
402 4245 462 4308 Cic.
487 4247 522 4309 de
545 4247 593 4308 fin.
612 4248 643 4318 l,
672 4267 718 4308 ιο.
779 4245 959 4305 via.cf.vero
968 4246 1053 4306 Plaut.
1067 4239 1188 4319 Merc.l‚'
1201 4266 1227 4315 1,

269 4353 306 4393 cx
320 4336 398 4418 iplius
423 4337 532 4414 labore,
559 4340 589 4399 ὃ(
610 4360 643 4397 ex
664 4337 717 4395 hac
779 4337 817 4409 46
826 4358 907 4417 quem
924 4334 1016 4415 noller
1023 4338 1140 4398 imitatus
1152 4334 1202 4396 est.

575 4445 579 4454 ι
