2809 5234
321 819 392 914 nu
580 802 1082 891 e.Tauuuait

320 980 423 1057 Alios
440 997 536 1054 tuam
553 1001 627 1050 rem
646 973 821 1050 credidisti
836 970 967 1072 magis,
981 996 1095 1072 quam
1113 972 1314 1069 tete,ani‚·3

514 1094 756 1173 madversuros
776 1095 821 1162 ¹?

318 1223 437 1311 Nam,
457 1237 496 1293 ut
530 1235 570 1290 ut
603 1234 700 1289 erant
724 1213 812 1301 alia,
841 1210 1039 1300 illicem,
1082 1235 1189 1310 quae
1220 1236 1314 1286 nunc

514 1341 578 1414 tibi
600 1340 705 1426 ¹domi
735 1336 809 1427 est,
830 1332 1056 1424 consuleres,

319 1471 376 1545 Ne
403 1467 488 1567 quid
518 1480 663 1562 propter
686 1480 782 1534 tuam
803 1457 907 1531 fidem
934 1456 1084 1554 decepta
1101 1478 1315 1556 -pateretut

515 1586 622 1669 maii,
1294 1606 1311 1684 5

320 1705 430 1778 Cuius
453 1730 545 1776 nunc
564 1701 706 1775 miserae
728 1699 804 1797 spes
823 1701 976 1801 opesque
1003 1699 1082 1775 sunt
1108 1703 1215 1783 inte
1240 1731 1315 1783 uno

521 1854 643 1901 omnes
674 1827 767 1900 sitae.
841 1838 845 1845 '

213 2041 217 2049 .
324 1985 364 2052 (ἲ.
386 1983 429 2053 Et
444 1980 582 2079 quidem
597 2035 608 2068 ,
621 1981 723 2067 here,
740 2004 804 2052 nos
819 1979 886 2052 iam
901 1977 1031 2052 dudum
1047 1978 1107 2051 hic
1124 1999 1165 2054 te
1179 1982 1312 2057 absen-

516 2123 587 2173 tem
613 2098 824 2191 incusamus,
843 2100 904 2197 qui
924 2100 1084 2172 abieris...

320 2256 369 2328 A.
398 2254 451 2325 Te
476 2249 585 2346 ipsum
608 2246 828 2346 quaerebam.
853 2253 892 2321 G.
918 2245 976 2321 sed
997 2272 1038 2321 ea
1057 2247 1166 2322 causa
1187 2252 1307 2328 nihilo

518 2367 624 2465 magis
643 2365 842 2441 defecimus.

322 2521 368 2593 A.
396 2523 555 2617 Loquere
572 2574 584 2606 ,
601 2513 772 2605 obsecro,
792 2539 944 2611 quonam
966 2515 1001 2587 in
1019 2514 1101 2586 loco
1128 2512 1217 2589 sunt
1244 2540 1303 2591 res

519 2660 553 2712 et
575 2639 736 2711 fortunae
764 2640 884 2709 meae?

321 2788 501 2886 Numquid
523 2789 611 2883 patri
628 2786 765 2857 subolet
783 2789 824 2854 ²?
840 2792 879 2857 G.
898 2782 946 2856 nil
965 2781 1079 2854 etiam.
1097 2784 1143 2854 A.
1159 2783 1295 2882 ecquid

517 2911 587 3007 spei
609 2934 717 3006 porro
739 2907 810 2981 esi?
835 2916 873 2981 G.
901 2904 1026 2979 nescio.
1044 2911 1090 2977 A.
1112 2907 1169 2979 ah.
1249 2931 1293 2978 ιο

326 3062 364 3127 G.
388 3055 457 3128 Nifi
476 3053 638 3125 Phaedria
654 3053 746 3125 haud
766 3052 907 3128 cessavit
928 3078 994 3154 pro
1008 3070 1042 3128 te
1059 3052 1154 3126 eniti.
1171 3059 1222 3130 A.
1239 3053 1288 3128 nil

509 3178 590 3250 fecit
619 3177 717 3249 novi.

320 3328 362 3397 G.
397 3323 488 3397 Tum
518 3314 685 3392 Phormio
711 3321 829 3394 itidem
860 3322 1076 3412 inhaere,
1112 3341 1152 3396 ut
1184 3327 1290 3421 aliis3

519 3442 693 3516 strenuum
713 3445 889 3519 hominem
915 3443 1082 3543 praebuit.
1236 3456 1240 3463 '

356 3701 375 3740 a
394 3679 441 3743 Cf.
459 3704 505 3763 ap.
522 3684 655 3745 Gellium
668 3686 708 3756 ΙΙ,
721 3708 758 3750 ιφ
840 3685 958 3764 adsunt,
975 3686 995 3748 fi
1016 3686 1046 3746 id
1068 3703 1133 3746 ere
1156 3684 1204 3746 sua
1229 3685 1288 3752 esse

317 3783 478 3867 apologum
498 3789 608 3870 Aesopi
625 3793 659 3850 de
677 3793 756 3854 inani
839 3793 968 3867 censent,
999 3790 1058 3855 scil.
1076 3789 1162 3852 amici
1181 3788 1289 3875 vulga-

317 3894 475 3955 amicorum
489 3891 604 3965 fiducia,
613 3920 697 3980 quem
706 3899 760 3958 En·
841 3920 886 3961 tea
896 3946 905 3975 ,
916 3902 1046 3983 parasiti,
1063 3897 1168 3973 conscii
1186 3906 1245 3960 &o

308 4003 760 4087 ulusvcrfibusquadraaiscom-
884 4027 900 4062 ι
931 4008 977 4067 De
996 4005 1148 4087 couscientia
1171 4004 1226 4087 sua
1259 4007 1290 4066 6⁶

316 4107 414 4193 posuit
422 4131 432 4183 ς
448 4131 572 4192 quorum
584 4108 700 4169 ultimus
713 4112 761 4169 Ne
841 4110 1005 4173 Phoimiouis
1023 4110 1094 4169 dicit.
1116 4109 1164 4168 Sic
1177 4131 1286 4170 emen-

317 4215 385 4295 quid
401 4216 526 4297 exspcues
544 4220 666 4287 amicos,
687 4220 758 4299 quod
837 4218 935 4279 <samus
963 4214 1060 4280 locum
1078 4216 1190 4283 Donati
1214 4238 1289 4283 cot-

214 4398 216 4405 Ι
317 4326 370 4375 me
382 4336 456 4399 ager<
468 4314 557 4401 poffis.
571 4316 649 4380 Tum
661 4336 757 4383 tamea
838 4335 966 4405 mptum·
