2809 5234
101 212 1231 403 m

195 765 270 841 234
457 742 940 819 nrauaurtt

193 911 244 980 A.
262 907 404 1004 Atque,
423 903 560 997 hercle,
579 930 647 1004 ego
667 931 819 1020 quoque·
830 907 926 981 illam
941 905 1105 985 inaudivi
1119 908 1179 986 fa0'

386 1054 516 1129 husam.
545 1063 585 1129 G.
609 1058 719 1131 immo
743 1061 846 1132 etiarn
872 1059 989 1149 dabo,

194 1203 283 1296 Quo
314 1201 418 1301 magi’
444 1203 562 1276 credas
592 1220 615 1276 ¹.
643 1222 796 1299 patruus⁴
821 1205 952 1279 interea
984 1205 1066 1278 inde
1097 1205 1178 1282 huc

392 1349 569 1445 egreditur
593 1347 709 1423 foras:

193 1495 297 1568 Haud
319 1493 435 1567 multo
457 1493 535 1590 post
555 1515 752 1592 compatre
771 1499 864 1572 idem
881 1501 1005 1597 recipit
1020 1501 1053 1573 se
1068 1502 1174 1578 intro

388 1638 530 1711 denuo:
1116 1671 1173 1738 40

192 1786 254 1858 Ait
281 1802 463 1885 uterque,
495 1783 559 1858 tibi
581 1783 788 1883 potestatem
814 1788 887 1863 eius
914 1792 1130 1867 adhibendae
1154 1813 1170 1845 ²

389 1939 465 2012 dari
481 1962 491 2008 t

191 2088 359 2188 Denique
375 2112 443 2184 ego
458 2083 576 2158 missus
589 2082 663 2156 sum
672 2137 687 2172 ,
702 2099 739 2153 re
752 2100 792 2153 ut
811 2077 1036 2178 requirerem,
1050 2096 1167 2175 atque

387 2232 606 2307 adducerem.
627 2238 676 2304 A.
695 2226 793 2302 hem!

190 2385 291 2479 Quin
315 2410 401 2482 ergo
425 2407 509 2480 rape
528 2406 583 2454 me
606 2404 616 2450 ε
640 2379 726 2479 quid
745 2376 851 2453 cessas
871 2377 911 2452 ’ἒ
936 2383 976 2454 G.
996 2374 1115 2451 secero
1133 2399 1165 2456 ⁴.
1213 2346 1218 2356 Ι

391 2526 439 2596 A.
459 2547 485 2596 o
508 2521 555 2592 mi
576 2519 769 2611 Phormio,

190 2665 293 2747 Vale.
314 2672 350 2739 P.
370 2665 476 2758 vale,
502 2667 673 2764 Antipho.

191 2976 251 3048 nit,
280 2974 350 3034 hinc
370 2976 447 3035 credi
467 2975 561 3055 potest
585 2971 636 3032 suo
722 2983 757 3049 56
777 2975 824 3033 Iros
845 2972 935 3054 castris
946 2973 1036 3030 adhibe
1055 2974 1163 3055 sirius,

194 3084 309 3159 mod03
332 3081 368 3144 cf.
397 3083 492 3143 Andr.
525 3081 566 3152 I,
597 3102 635 3158 3,
717 3083 745 3142 fr
756 3079 865 3159 foedera
888 3081 973 3162 iunge·
999 3080 1094 3139 Etiam
1110 3104 1163 3141 nu-

188 3212 242 3270 ιη.
482 3206 484 3208 ’
714 3191 799 3248 trices
819 3189 974 3249 infantibus
991 3191 1105 3248 adhiberi
1119 3192 1164 3249 di-

232 3297 344 3360 1Geta
354 3296 491 3381 paulatim
512 3293 630 3376 proces·
715 3315 839 3368 cuntur3
859 3317 891 3354 ac
910 3293 1006 3354 forsan
1026 3296 1162 3375 petulans

190 3412 241 3482 fit,
261 3415 375 3496 lantque
391 3403 632 3470 tandemoeniffi-
715 3402 809 3462 servus
835 3404 968 3487 ambigue
1002 3405 1096 3478 dixit,
1123 3407 1163 3469 cf.

191 3537 241 3573 ma
254 3517 331 3573 dabit
346 3516 539 3582 documenta,
566 3510 633 3592 qui·
713 3503 833 3568 Colum.
846 3504 909 3579 VI,
927 3527 1025 3577 κω.
1102 3577 1106 3590 ἱ

127 3604 130 3611 ’
192 3620 246 3679 bus
264 3623 418 3702 cognoscet
435 3621 508 3683 Ant.
522 3621 637 3682 remita
761 3618 942 3699 3Quantum
959 3638 1043 3700 potes
1057 3617 1162 3681 celcri-

191 3721 259 3796 εἶπ’),
270 3733 400 3809 quamvis
408 3732 510 3790 modus
521 3731 561 3790 rei
573 3752 633 3789 non
716 3747 759 3790 ter
772 3774 781 3802 ,
801 3725 880 3788 aufer
901 3748 956 3787 me.

190 3833 343 3896 manifesto
360 3858 506 3916 appareat.
758 3864 777 3911 4
797 3835 876 3896 Dum
893 3835 922 3895 id
938 3835 1023 3906 dicit,
1039 3830 1161 3892 inclina·

104 3986 108 3994 .
233 3964 250 3997 2
264 3937 334 3998 scil.
352 3940 384 3996 in
402 3944 633 4013 matrimonium,
715 3961 780 4013 tur,
796 3962 825 4002 ut
840 3943 975 4023 Antipho
988 3939 1089 3998 insiliat
1100 3960 1161 3998 ter·

190 4066 224 4107 ut
234 4049 320 4108 iustae
330 4050 437 4108 uxoris.
451 4048 581 4113 Verbum
589 4058 634 4114 an
715 4072 764 4134 go.
782 4049 881 4109 Ludus
894 4050 932 4106 est
947 4046 1071 4106 scenicus
1085 4091 1093 4118 ‚
1107 4050 1158 4127 qui

189 4156 244 4215 kib.
260 4154 371 4239 latioris
384 4161 424 4218 est
440 4157 524 4232 usus,
542 4182 572 4220 ut
584 4165 635 4221 hn-
716 4157 932 4240 spedatoresin
943 4155 1028 4217 risttm
1038 4177 1161 4239 raperet.

189 4259 266 4334 ὕσῃ·
278 4263 347 4323 hinc
358 4264 444 4347 virg.
456 4267 534 4328 Aen.
546 4266 636 4343 vlu,
