2809 5234
625 905 2062 1002 HEAUTONTIMORUMENOS.
2211 930 2363 992 201,

431 1072 648 1165 Quod
691 1069 854 1143 mihi
887 1069 1117 1145 videre
1163 1084 1427 1165 praeter
1466 1085 1741 1140 aetatem
1778 1090 1966 1141 tuam

435 1201 673 1267 Facere
701 1214 767 1267 et
791 1211 1050 1290 praeter
1088 1217 1286 1290 quam
1334 1200 1540 1264 resste
1578 1192 1961 1263 adhortatur
2003 1209 2138 1266 tua.

438 1334 459 1367 ¹
500 1321 676 1392 Nam
708 1342 838 1416 pro
878 1318 1078 1389 deum
1119 1328 1314 1414 atque
1363 1316 1713 1390 hominum
1752 1313 2000 1388 fidem!
2045 1317 2208 1413 quid
2254 1316 2363 1395 vis

771 1441 950 1515 tibi?

437 1567 625 1661 Quid
661 1565 962 1666 quaeris.
943 1564 972 1636 ἒ
1012 1585 1223 1635 annos
1257 1561 1585 1660 sexaginta
1626 1577 1811 1635 natus
1858 1587 1967 1649 es,
2271 1543 2373 1641 10'

440 1697 571 1763 Aut
616 1693 757 1788 plus
802 1714 928 1778 ec,
959 1705 1033 1760 ut
1070 1684 1388 1760 coniicio.
1442 1711 1685 1783 agrum·
1719 1686 1788 1758 in
1833 1687 1934 1759 his
1977 1687 2362 1787 regionibus

302 1858 310 1865 -
441 1816 792 1888 Meliorem
820 1837 1034 1910 neque
1061 1799 1254 1909 pretii
1277 1809 1549 1884 maioris
1589 1835 1794 1884 nemo
1830 1812 2071 1898 habet.

436 1940 678 2011 Servos
708 1936 1110 2036 complureis
1143 1949 1169 1982 ²
1201 1960 1221 2005 z
1251 1933 1535 2030 proinde
1576 1934 1758 2032 quast
1788 1959 1990 2009 nemo
2021 1936 2136 2009 fiet
2159 1992 2185 2030 ,

440 2067 535 2134 lta
586 2082 723 2136 tute
759 2079 1011 2135 attente
1056 2059 1325 2132 illorum
1377 2055 1599 2131 officia
1643 2056 1932 2155 fungere.

350 2185 362 2191 “
438 2188 799 2285 Nunquam
834 2206 969 2261 tam
1006 2208 1199 2257 mane
1228 2181 1566 2283 egredior,
1593 2207 1805 2278 neque
1829 2201 1962 2254 tam
1984 2183 2240 2281 vesperi
2278 2209 2355 2285 ις
2385 2186 2391 2191 ’

438 2310 748 2384 Domum
793 2327 1152 2395 revertor,
1181 2307 1344 2405 quin
1374 2322 1440 2377 te
1478 2304 1547 2378 in
1584 2303 1794 2377 fundo
1831 2306 2178 2403 conspicer

438 2435 690 2506 Fodere
717 2487 742 2522 ‚
770 2453 884 2506 aut
926 2459 1107 2508 arare
1128 2483 1152 2521 ,
1188 2449 1303 2505 aut
1342 2430 1594 2528 aliquid
1621 2427 1797 2502 ferre
1831 2446 1882 2501 3.
1935 2430 2220 2530 denique
2248 2509 2253 2514 ,

440 2552 713 2624 Nullum
763 2554 1041 2626 remittis
1086 2573 1345 2650 tempus
1369 2605 1392 2642 ,
1437 2577 1651 2648 neque
1699 2568 1763 2624 te
1805 2551 2091 2648 respiciS.

441 2676 628 2749 Haec
654 2661 793 2748 non
829 2676 1159 2770 voluptati
1190 2694 1221 2739 4
1247 2676 1375 2751 effe
1395 2729 1419 2766 ‚
1454 2674 1598 2750 satis
1634 2696 1821 2751 certo
1863 2676 2024 2751 scio.

437 2814 575 2874 haec
622 2812 695 2873 illi
755 2811 835 2874 est
893 2814 1216 2894 propinqua.
1269 2811 1340 2872 cf.
1464 2813 1525 2874 ὅ(
1551 2812 1809 2874 Donatus
1833 2813 1904 2874 ad
1925 2814 2150 2878 Phorm.
2184 2816 2243 2891 1,
2286 2841 2361 2892 2,

436 2919 563 2982 Cic.
602 2921 673 2982 de
706 2920 937 2998 fin.·v‚
982 2939 1072 3002 23.
1105 2919 1176 2982 de
1206 2916 1332 2981 Off.
1456 2942 1528 2999 71
1553 2920 1681 3001 legit
1699 2921 1771 2980 al.
1781 2919 1958 3000 facere
1975 2923 2192 3004 denique
2207 2927 2359 3006 quod

432 3026 494 3100 I,
544 3027 630 3088 18.
1460 3027 1633 3089 Bentl.
1670 3028 1921 3109 praefert.
1966 3031 2074 3092 Sed
2105 3034 2176 3095 al.
2183 3033 2364 3114 facere

522 3158 544 3195 1
599 3135 849 3197 Exordio
900 3137 1053 3200 finito
1095 3138 1339 3199 contollit
1460 3157 1573 3196 non
1610 3135 1841 3220 augendi
1870 3137 2026 3198 causa
2048 3138 2265 3216 dicitur,
2296 3141 2369 3207 cf.

435 3242 741 3304 orationem
758 3289 780 3317 ‚
827 3245 979 3304 velut
1026 3248 1138 3307 iam
1182 3246 1342 3305 fami·
1465 3240 1643 3302 Andr.
1665 3242 1727 3315 1,
1754 3259 1819 3323 5,
1847 3261 1939 3316 24.
1973 3241 2168 3320 Quare
2191 3244 2364 3305 malu-

436 3346 614 3409 liarius
646 3349 792 3410 illum
830 3349 1257 3431 reprehensurus,
1463 3367 1586 3407 mus
1606 3344 1748 3427 serre
1761 3372 1803 3419 ,e
1830 3348 1992 3428 idque
2033 3369 2160 3411 cum
2199 3349 2364 3414 MSS.

521 3475 555 3514 2
596 3451 694 3514 int.
734 3455 917 3519 habes.
959 3453 1157 3536 Neque
1191 3453 1340 3517 enim
1464 3455 1594 3533 (ap.
1633 3452 2072 3536 Westerh.)ed.
2108 3478 2188 3536 pr.
2221 3455 2362 3519 Tar-

433 3555 716 3635 complures
734 3557 852 3615 vim
871 3555 1225 3638 comparandi
1244 3555 1338 3613 ha·
1457 3554 1561 3615 vis.
1582 3554 1811 3618 Mediol.
1829 3557 2058 3639 Argent.
2079 3580 2126 3618 c.
2149 3557 2277 3643 figg.
2292 3560 2362 3623 R.

433 3661 544 3720 bet.
569 3660 1340 3745 Guyet.tentabatservicom-
1461 3660 1651 3742 Steph.
1673 3663 1930 3735 Fabrini,
1967 3664 2176 3738 Rivio‚
2202 3665 2364 3728 Eras-

428 3763 642 3841 plures'
631 3779 724 3822 mt.
747 3765 844 3821 eibi
868 3766 1012 3842 fient.
1061 3765 1139 3824 Be
1117 3765 1235 3823 ἠύ.
1253 3785 1340 3823 re-
1458 3786 1595 3840 mo,
1636 3767 1770 3832 Mel.
1834 3768 2019 3831 Heins.
2079 3770 2358 3834 Wester'h.

437 3856 615 3921 scribit
636 3865 822 3943 servos
842 3886 947 3922 non
966 3867 1163 3947 plures.
1198 3864 1346 3944 Quis
1466 3862 1831 3955 dispungimus
1880 3896 1914 3934 a
1967 3879 2230 3965 denique;
2285 3880 2359 3939 uti

439 3969 549 4035 hoc
582 3966 766 4029 credat
806 3964 983 4033 dicere
1013 3967 1263 4029 voluisse.
1467 3970 1956 4052 Eun.111,1,.42

530 4076 675 4156 3int.
697 4072 738 4134 Γ.
761 4075 939 4134 oneris
967 4072 1003 4132 s.
1032 4073 1235 4134 laboris
1254 4073 1353 4134 ser·
1553 4103 1591 4154 4
1639 4082 1730 4142 Al.
1772 4084 1966 4145 indunt
2024 4089 2159 4158 tibi,
2211 4096 2365 4167 quod

438 4181 593 4256 vili53
627 4180 697 4246 cf.
718 4178 844 4243 Cic.
866 4180 935 4240 de
957 4178 1048 4241 fin.
1074 4179 1130 4249 Ι,
1166 4199 1215 4241 1.
1252 4182 1344 4262 qui
1468 4205 1499 4245 e
1520 4184 1688 4266 glossa
1719 4190 1776 4246 in
1808 4188 1970 4254 MSS.
2003 4191 2261 4270 irrepsisse
2280 4198 2363 4255 vi-

432 4305 614 4350 torum
630 4286 849 4349 versum
878 4287 1059 4349 laudat
1078 4312 1096 4363 ;
1115 4287 1238 4349 inde
1256 4288 1339 4349 alii
1462 4291 1653 4369 detur3
1700 4313 1845 4361 certe
1887 4295 2158 4360 senarium
2189 4299 2359 4363 inter..

433 4400 492 4453 ‘lo
533 4397 752 4477 denique
789 4395 860 4455 ad
881 4395 1022 4476 ferre
1063 4395 1298 4458 referunt
1314 4420 1334 4473 3
1459 4397 1590 4463 ficit.
