2809 5234
1005 890 1734 968 ADELPHI.
2235 894 2343 979 61,

386 1061 577 1138 Scio·
615 1063 704 1133 P.
741 1052 1057 1132 miseram
1113 1053 1267 1129 me!
1315 1051 1601 1127 differor
1659 1050 2026 1165 doloribus
2067 1072 2116 1125 ¹.
2230 1077 2343 1146 40
2458 1050 2463 1055 ’

390 1188 566 1259 Iuno
606 1183 911 1272 Lucina,
965 1180 1070 1255 fer
1125 1204 1386 1276 opem:
1427 1177 1625 1252 serva
1669 1201 1832 1268 me,
1873 1174 2191 1250 obsecro.
2232 1178 2332 1254 H.

793 1303 955 1375 hem
991 1300 1011 1373 l

394 1433 749 1506 Numnam
809 1427 925 1497 illa
980 1418 1234 1524 quaeso
1280 1422 1636 1521 parturit?
1693 1425 1799 1496 G.
1823 1445 2062 1514 certe,
2093 1421 2347 1520 Hegio.

781 1552 871 1618 H.
906 1543 1106 1618 hem!

400 1672 607 1747 Illaec
659 1668 868 1742 fidem
894 1659 1113 1741 ἠυιισ
1157 1656 1465 1743 vostram
1517 1667 1847 1765 implorat
1873 1721 1900 1759 ,
1962 1669 2237 1741 Demea
2273 1687 2351 1740 *ε

406 1795 625 1889 Quod
663 1818 797 1869 vos
845 1792 951 1866 ius
990 1809 1011 1854 ³
1062 1791 1252 1888 cogit
1276 1845 1300 1881 ,
1339 1792 1410 1873 id
1451 1792 1822 1864 voluntate
1874 1793 2226 1889 impetret.

406 1922 595 1992 Haec
652 1919 957 2016 primum
1011 1935 1091 1989 ut
1148 1914 1370 2005 fiant,
1420 1914 1591 1989 deos
1655 1914 1913 2015 quaeso
1941 1970 1969 2007 ,
2012 1933 2092 1988 ut
2146 1915 2352 1990 vobis

787 2039 989 2111 decet
1020 2055 1075 2110 4.

2252 2059 2342 2137 45

408 2167 525 2239 Sin
565 2165 766 2238 aliter
797 2165 1066 2236 animus
1102 2159 1328 2234 vester
1360 2159 1459 2234 est
1497 2178 1520 2224 τ
1545 2214 1568 2250 ,
1613 2152 1775 2256 e'g0,
1813 2160 2127 2251 Demea,

413 2292 688 2362 Summa
713 2289 789 2359 vi
809 2285 1175 2359 defendam
1205 2285 1406 2373 hanc,
1439 2290 1648 2383 atque
1677 2284 2261 2359 illum‘mortuum
2297 2296 2356 2363 ⁶.

413 2410 779 2504 Cognatus
820 2407 991 2477 mihi
1025 2423 1172 2477 erat
1201 2429 1219 2474 z
1258 2431 1394 2476 una
1425 2431 1465 2477 a
1499 2405 1728 2501 pueris
1755 2406 2064 2500 parvolis

421 2537 668 2607 Sumus
726 2532 952 2604 eduffi
987 2560 1004 2602 ε
1070 2556 1206 2603 una
1259 2530 1528 2627 semper
1574 2532 1858 2619 militiae
1923 2550 1993 2604 et
2064 2533 2260 2606 domi

421 2657 1226 2750 Fuimustpaupertatem
1259 2679 1393 2725 una
1427 2653 1832 2750 pertulimus
1865 2679 2146 2752 gravem
2185 2674 2239 2729 ⁷.
2270 2678 2361 2756 50

427 2781 881 2874 Quapropter
929 2778 1162 2867 nitar,
1207 2775 1497 2865 faciam,
1548 2778 1905 2873 experiar:
1961 2779 2267 2879 denique

423 2904 745 2974 Animam
784 2900 1169 2999 relinquam
1201 2898 1436 2995 potius
1468 2953 1490 2991 ,
1533 2916 1742 2998 quam
1773 2899 1922 2971 illas
1953 2899 2281 2974 deseram.

518 3164 542 3202 ι
570 3143 729 3201 Intus
756 3141 958 3202 clamat
994 3140 1320 3222 Pamphila,

433 3259 487 3308 δε
515 3248 584 3308 fic
628 3270 714 3307 res
754 3247 877 3331 ipsa
915 3251 1025 3307 iam
1058 3249 1320 3332 loquitur

432 3373 657 3435 partem
700 3356 850 3428 veri,
888 3364 943 3414 &
984 3353 1145 3415 fimul
1176 3377 1317 3436 per-

436 3478 647 3543 movet.

518 3586 548 3624 2
579 3565 966 3647 ,Opportune
1021 3568 1209 3628 transit
1255 3569 1329 3629 ad

435 3691 902 3753 perorattonem,
945 3682 999 3730 &
1047 3672 1314 3756 aequissi-

442 3797 594 3834 mam
614 3819 630 3845 ,
649 3783 704 3832 &
727 3773 956 3831 fortem.

531 3894 557 3949 3
608 3873 671 3930 h.
694 3892 745 3932 e.
784 3873 940 3951 ipsae
973 3874 1168 3956 lega,
1199 3880 1329 3960 qui·

445 3973 550 4037 bus
590 3978 679 4037 ius
713 3981 1059 4037 continetur.

527 4108 568 4156 4
598 4083 695 4143 Sic
723 4082 916 4141 dativo
948 4083 1203 4163 iungitur
1224 4082 1339 4145 fine

365 4187 370 4193 ’
449 4190 659 4265 Verbo3
680 4188 839 4262 cf.V,
861 4200 914 4262 6,
936 4211 987 4265 ς.
1013 4189 1097 4249 Pl.
1119 4191 1339 4271 Amph.

450 4295 550 4367 ΙΙ,
576 4319 645 4368 2,
682 4301 813 4358 188.
849 4295 1335 4378 Capt.11,2‚7r.

529 4421 565 4479 ς
598 4401 733 4464 Seu.
757 4405 916 4488 quod
941 4407 1104 4486 virgo
1118 4425 1352 4487 pauper

1487 3137 1568 3199 fit.

1549 3257 1580 3307 6
1602 3248 1929 3305 hiortuorum
1944 3267 2122 3306 manes
2137 3290 2153 3317 ‚
2173 3243 2369 3329 inquit

1489 3356 1664 3416 Mart.
1697 3354 1848 3436 Cap.
1880 3375 1909 3412 2
1931 3399 1951 3424 ,
1972 3355 2032 3431 fi
2067 3355 2208 3412 vitae
2226 3358 2374 3433 prio·

1487 3463 1561 3520 ris
1611 3463 1781 3520 adiuti
1829 3446 2034 3539 fixerint
2088 3461 2339 3541 honestate
2353 3505 2372 3534 ,

1490 3572 1548 3628 in
1584 3569 1751 3628 Lares·
1776 3571 2373 3631 domorum-vertuntur.

1493 3674 1580 3733 Ita
1610 3681 1664 3732 &
1690 3692 1945 3731 mortuus
1974 3673 2039 3733 ab
2058 3675 2253 3735 eadem
2287 3677 2375 3735 in·

1498 3779 1648 3838 iuria
1695 3777 2093 3840 defendebatur
2120 3827 2136 3855 ,
2186 3804 2218 3843 a
2266 3805 2379 3867 qua

1496 3880 1645 3940 filiae
1675 3882 1808 3940 vi'ta.

1574 4007 1607 4053 7
1661 3982 1960 4059 Miletiae,
2015 3991 2152 4050 dum
2188 4013 2378 4073 aequo

1501 4089 1699 4145 animo
1727 4111 1839 4150 una
1874 4092 2216 4159 tolerantur,
2246 4112 2385 4150 con·

1504 4193 1753 4276 iungunt
1795 4199 2054 4268 animos,
2081 4194 2391 4280 bonosque-

1503 4298 1795 4373 effictunt3
1825 4302 2093 4364 felicitate
2124 4322 2385 4363 eorrum-

1504 4406 1720 4489 pimur.

2382 4704 2600 4800 ‘¹
