2809 5234
980 930 1623 1039 aunam.
2215 990 2306 1069 45

371 1134 461 1206 Et
506 1129 566 1204 is
617 1129 782 1205 mihi
821 1129 1062 1203 suadet
1091 1181 1115 1218 ‚
1161 1126 1469 1225 nuptiaS,
1518 1141 1844 1225 quantum
1897 1151 2135 1224 queam
2157 1182 2181 1219 ‚
2232 1152 2311 1223 ut

719 1276 1073 1328 maturem.
2216 1276 2302 1349 45

379 1380 570 1451 Num
613 1379 836 1454 censes
877 1378 1174 1475 faeeret,
1207 1375 1416 1451 {ilium
1466 1373 1591 1450 nifi
1645 1373 1839 1450 sciret
1876 1374 2108 1448 eadem
2150 1376 2312 1449 haec

721 1502 897 1577 vene
925 1501 957 1574 2

385 1605 562 1695 Tute
606 1622 781 1695 adeo
834 1625 964 1696 iam
1019 1620 1158 1695 eius
1202 1620 1426 1698 audies
1473 1620 1706 1695 verba.
1781 1620 1945 1694 heus
1967 1673 1992 1712 ,
2031 1640 2314 1697 evocate

724 1747 855 1839 huc
891 1750 1188 1835 Davum.

355 1869 608 1969 'Atque
643 1894 874 1946 eccum
901 1925 926 1964 ,
972 1870 1179 1948 video
1223 1867 1443 1967 ipsum
1483 1867 1664 1942 foras
1713 1867 1917 1944 exire.

492 2111 1004 2182 AcTUS
1102 2108 1290 2178 III.
1384 2106 1890 2177 SCENA
1990 2111 2146 2182 IV.

568 2322 1050 2411 DAVUS,
1129 2298 1475 2406 s1M0.
1549 2317 2146 2396 CHREMES.

379 2457 748 2630 D.AD
788 2572 854 2627 te
889 2552 1089 2625 ibam.
1141 2557 1218 2622 S.
1259 2550 1585 2649 quidnam
1637 2550 1787 2624 est?

383 2676 493 2745 D.
520 2672 664 2743 Cur
698 2697 840 2744 non
876 2669 1268 2744 arceffitur?
1302 2672 1437 2745 iam
1475 2673 1956 2773 advesperascit
1993 2690 2039 2752 ¹.
2084 2683 2158 2750 S.
2194 2690 2320 2751 aui

734 2798 870 2872 din’
923 2817 997 2873 tu
1047 2799 1285 2872 illum?

389 2925 539 3026 Ego
584 2921 839 2996 dudum
879 2946 1020 2994 non
1064 2919 1230 2994 nihil
1266 2921 1517 2999 veritus
1560 2925 1702 3000 sum
1728 2981 1752 3017 ,
1788 2930 2023 3016 Dave,
2052 2928 2167 3001 abs
2209 2946 2273 3001 te
2296 2976 2323 3017 ‚

729 3067 813 3116 ne
854 3043 1106 3119 faceres
1155 3041 1334 3115 idem
1361 3095 1390 3133 ‚

386 3165 599 3258 Quod
624 3166 861 3266 volgus
903 3167 1250 3242 servorum
1280 3166 1443 3240 solet
1464 3218 1486 3255 ‚
1521 3165 1692 3241 dolis
1721 3185 1795 3240 ut
1829 3190 1937 3238 me
1968 3165 2326 3239 deluderes.

388 3286 745 3384 Propterea
768 3290 955 3386 quod
986 3309 1162 3367 amat
1198 3288 1391 3365 filius.
1428 3290 1532 3364 D.
1569 3287 1768 3389 egon’
1793 3287 1960 3363 istuc
1984 3287 2267 3363 facerem
2294 3290 2328 3359 Ξ·

289 3406 298 3413 ’
470 3424 474 3429 ’
727 3422 803 3490 S.
845 3418 1150 3493 credidi:
2288 3439 2319 3514 5

390 3529 600 3631 quue
644 3534 816 3608 adeo
855 3558 1154 3612 metuens
1186 3563 1317 3616 vos
1345 3537 1563 3615 celavi
1591 3590 1616 3627 ,
1655 3538 1842 3638 quod
1888 3564 2066 3613 nunc
2093 3537 2336 3611 dicam.

721 3667 829 3742 D.
871 3664 1087 3761 quid?
1142 3671 1218 3736 S.
1264 3663 1423 3737 scies
1448 3695 1479 3735 t.

391 3782 567 3858 Nam
593 3787 1095 3882 propemodum
1125 3785 1344 3860 habeo
1373 3786 1498 3858 tibi
1521 3785 1655 3858 iam
1688 3783 1909 3859 fidem.
1938 3789 2042 3857 D.
2067 3785 2335 3858 tandem

735 3908 990 4002 agnosti
1010 3961 1034 3995 ‚
1084 3909 1204 4004 qui
1244 3909 1422 3981 siem.

397 4034 475 4104 S.
513 4028 679 4102 Non
728 4025 987 4099 fuerant
1036 4026 1303 4124 nuptiae
1351 4029 1634 4104 futurae.
1707 4039 1807 4106 D.
1854 4030 2079 4129 quid?
2132 4023 2330 4098 non?

642 4141 648 4147 ’
742 4159 819 4225 S.
854 4149 967 4224 sed
1008 4176 1098 4236 ea,
1132 4149 1341 4250 gratia

475 4369 504 4411 ι
538 4348 604 4412 Id
631 4351 793 4427 vult,
824 4328 1052 4432 tempus·
1077 4347 1304 4432 nuptia-
1422 4363 1541 4411 erat
1570 4349 1937 4430 vespertinum
1957 4388 1979 4415 ,
2013 4345 2143 4406 hine
2176 4339 2334 4403 toties

388 4472 524 4521 rum.
548 4454 663 4515 iam
693 4451 904 4514 instare.
947 4450 1134 4534 Quod
1174 4455 1300 4537 quia
1417 4453 1490 4518 de
1529 4453 1741 4515 facibus
1778 4446 2011 4514 mentio.

2236 4716 2536 4846 t·
