2809 5234
873 858 1692 1007 .Ananni
2187 930 2285 1009 a«

351 1114 1129 1216 Immisericorditerque
1161 1172 1186 1210 ,
1212 1135 1422 1216 atque
1470 1119 1678 1191 etiam
1712 1171 1737 1208 ,
1782 1116 1833 1189 fi
1860 1114 1958 1189 est
1982 1169 2010 1210 ,
2037 1133 2280 1213 pater,

353 1248 753 1321 Dicendum
790 1245 1010 1343 magis
1053 1263 1289 1342 aperte
1316 1298 1341 1336 ‚
1381 1245 1853 1359 inliberaliter.
2189 1269 2285 1340 30

353 1378 456 1448 M.
506 1377 737 1467 Quam
783 1372 881 1445 ob
924 1373 1130 1443 rem?
1183 1378 1293 1445 Αι.
1328 1393 1534 1467 rogas
1560 1394 1672 1441 me
1703 1371 1739 1439 ²?
1778 1368 1948 1467 quid
1987 1367 2091 1442 ini
2125 1386 2285 1458 tan-q

742 1498 903 1570 dem
946 1495 1224 1569 creditis

353 1648 527 1717 Fore
571 1640 781 1715 animi
829 1637 1079 1712 misero
1109 1693 1134 1730 ,
1172 1638 1295 1736 qui
1327 1636 1433 1711 illi
1470 1634 1834 1711 consuevit
1875 1652 1895 1687 ¹
1946 1634 2188 1735 prior,

356 1759 502 1857 Qui
525 1763 790 1853 infelix,
814 1762 998 1835 haud
1017 1759 1160 1833 scio
1191 1762 1305 1852 an,
1320 1761 1508 1832 illam
1540 1758 1780 1834 misere
1800 1787 1986 1834 nunc
2006 1779 2191 1837 mnat
2228 1779 2290 1856 ’ς

353 1890 534 1958 Cum
575 1887 749 1958 hanc
778 1884 899 1956 fibi
932 1881 1204 1956 videbit
1241 1880 1556 1979 praesens
1596 1882 2022 1979 praesentem
2064 1885 2289 1989 eripi,

353 2007 627 2079 Abduci
666 2006 753 2078 ab
790 2003 1015 2078 oculis
1048 2005 1086 2074 ’ἒ
1130 2000 1395 2075 facinus
1434 2002 1835 2100 indignum,
1872 2022 2090 2100 pater.
2193 2025 2282 2103 35

354 2131 464 2198 M.
503 2128 662 2219 Qua
689 2126 962 2199 ratione
1010 2122 1184 2198 istuc
1211 2143 1231 2187 ³
1271 2130 1298 2198 ?
1329 2124 1482 2223 quis
1511 2123 1879 2230 despondit
1909 2127 1937 2199 ἓ
1975 2125 2129 2225 quis
2158 2126 2289 2210 de2

740 2248 843 2319 dit
882 2248 914 2321 ἒ

353 2373 488 2446 Cui
514 2425 536 2463 ‚
577 2374 861 2471 quando
904 2368 1173 2468 nupsit?
1208 2370 1450 2444 ειιιᾶοι·
1477 2371 1582 2446 his
1615 2373 1820 2447 rebus
1846 2374 2000 2473 quis
2039 2375 2134 2451 est
2155 2380 2191 2450 ⁰?

355 2499 502 2570 Cur
539 2495 737 2567 duxit
776 2493 1069 2566 alienam
1101 2497 1128 2567 ἓ
1179 2496 1305 2568 Ae.
1347 2512 1379 2558 4
1424 2520 1512 2567 an
1549 2493 1783 2568 sedere
1823 2499 2144 2592 oportuit

356 2616 583 2697 Domi
604 2614 950 2712 virginem
979 2632 1121 2690 tam
1159 2617 1531 2719 grandem,
1562 2616 1730 2691 dum
1771 2638 2109 2717 cognatus
2147 2618 2288 2708 hue

355 2924 734 3006 beralieerpost
761 2911 1123 3004 praemissam
1148 2936 1244 2978 ex-

357 3032 706 3094 cusationem
754 3031 949 3090 iratius
993 3023 1238 3108 profert.

438 3162 463 3202 1
484 3141 637 3200 Cave
661 3141 776 3200 hoc
801 3141 1029 3199 verbum
1052 3137 1238 3198 trahas

355 3245 429 3305 ad
466 3243 759 3305 Venerem
786 3240 826 3302 s.
850 3245 1126 3321 stuprum.
1145 3240 1239 3298 In·

359 3344 481 3403 nuit
504 3342 773 3402 honestus
805 3341 1133 3402 adolescens
1175 3351 1233 3403 δι

356 3449 687 3538 nuptiarum
738 3447 978 3529 cupidus
1016 3468 1237 3506 amorem

355 3556 665 3636 consuetum.
724 3550 797 3617 cf.
837 3552 1024 3613 Andr.
1065 3551 1129 3624 1,
1168 3572 1189 3611 x
1209 3595 1234 3623 ‚

366 3660 497 3716 108.

438 3782 470 3817 2
500 3760 660 3819 Dum
680 3757 801 3817 vult
828 3777 889 3818 ut
912 3757 1129 3819 alienus
1148 3758 1235 3818 lo-

362 3863 498 3946 qui,
529 3859 587 3919 se
617 3859 740 3941 ipse
768 3862 981 3921 indicat
1015 3861 1240 3924 affestu.

358 3971 534 4031 Haud
546 3966 661 4048 fiio
693 3987 768 4026 an
809 3965 966 4025 idem
1019 3967 1133 4039 est,
1174 3959 1270 4027 ae⁶

344 4070 577 4154 fimaffi.

443 4199 471 4257 3
506 4179 626 4238 Iam
654 4195 816 4259 pater
837 4176 911 4237 ad
933 4175 1239 4260 reprehen-

358 4284 576 4346 {ionem
606 4282 712 4344 filii
745 4286 1045 4367 procedit,
1073 4307 1248 4369 quam

359 4391 691 4455 brevissimis
729 4391 971 4454 absolvit
990 4440 1009 4468 ,
1063 4394 1239 4456 finem

468 4505 816 4595 *Terentius
876 4507 948 4578 T.
994 4505 1100 4583 ΙΙ.

1403 2919 1652 2981 ἦᾶιιως
1693 2919 1880 2982 labori
1918 2921 2041 2986 filii.
2122 2926 2290 3006 Quae

1403 3047 1542 3085 vero
1572 3045 1732 3107 pater
1760 3047 1952 3111 rogat,
1983 3049 2183 3090 eorum
2202 3037 2287 3092 ni-

1401 3135 1491 3197 hil
1515 3136 1733 3196 facum
1762 3158 1899 3198 erat.
1946 3121 2070 3198 Tot
2109 3142 2286 3223 igitur

1402 3258 1636 3321 peccata
1674 3261 1719 3323 „a
1750 3239 1872 3300 filio
1906 3251 2064 3302 erant
2097 3246 2156 3305 in
2184 3244 2289 3307 hac

1400 3363 1483 3405 re.
1516 3343 1712 3406 Nemo
1732 3368 1940 3427 parens
1972 3346 2289 3430 desponde-

1402 3466 1534 3522 rat3
1571 3446 1777 3511 Aesch.
1816 3473 1939 3523 non
1978 3453 2161 3512 datam
2190 3453 2285 3511 vi-

1352 3591 1357 3598 -
1404 3555 1670 3627 tiavesatg
1697 3576 1762 3616 ac
1789 3556 1922 3616 dein
1947 3575 2168 3638 patrem
2192 3578 2289 3618 ce·-

1401 3656 1612 3720 laverat
1631 3657 1844 3721 fastum
1865 3663 2029 3737 3inde
2049 3665 2289 3745 nuptiae
2384 3733 2391 3740 ,

1400 3781 1524 3820 non
1535 3761 1714 3826 factae
1727 3785 1748 3839 3
1763 3769 2161 3829 austoritatem
2174 3767 2290 3829 Mi-

1405 3869 1592 3928 tionis
1657 3872 1839 3950 patris
1902 3875 2224 3957 neglexerat
2261 3899 2284 3952 3

1405 3992 1530 4030 non
1577 3977 1992 4041 examinaverat
2018 4024 2036 4052 ‚
2097 3999 2290 4039 utrum

1402 4072 1600 4135 liceret
1632 4075 1855 4161 legibus
1885 4103 2013 4142 eam
2041 4083 2245 4141 ducere
2263 4125 2286 4154 ,

1403 4201 1477 4239 an
1512 4183 1676 4262 prior
1716 4181 1850 4247 effet
1892 4190 2016 4248 iure
2063 4205 2292 4267 cogna-

1414 4306 1502 4348 tus
1531 4287 1761 4372 aliquis,

1483 4420 1525 4471 4
1542 4393 1749 4458 Aesch.
1775 4395 2043 4463 ultimum
2077 4420 2287 4479 unum,

1850 4512 1906 4582 F
