2809 5234
461 688 490 689 W
674 700 688 710 α
907 689 914 697 ,
1042 688 1063 689 Π
1748 696 1755 703 “

870 730 880 739 .
1345 732 1352 741 .
1385 718 1400 737 ἰ
2460 709 2473 724 ⁸

1339 754 1348 765 1
1612 742 1617 747 1
2295 739 2319 757 .

949 778 970 799 ⁸
1341 800 1348 805 .

569 820 576 827 ·
2472 808 2476 825 Ι

265 864 284 871 -
677 860 682 871 Ι

221 940 227 951 Ι

1047 981 1656 1081 AN'DnlA.
2018 1092 2023 1097 ,
2240 1031 2332 1102 27

405 1172 487 1243 P.
528 1170 767 1266 Neque
818 1167 934 1265 pol
980 1168 1497 1245 confiuilocum
1541 1150 1803 1255 habeo,
1843 1190 2056 1265 neque
2102 1170 2334 1244 auxilii
2452 1179 2457 1183 '

747 1288 1040 1393 cppiam.

410 1417 538 1488 Sed
591 1414 801 1508 isthuc
850 1417 1166 1516 quidnam
1208 1411 1358 1489 est?
1409 1418 1473 1492 C.
1525 1414 1730 1488 bodie
1769 1439 2051 1489 uxorem
2097 1415 2335 1492 ducis?

270 1535 287 1553 ’
749 1544 834 1615 Ρ.
877 1554 895 1588 ¹
944 1540 1145 1615 aiunt.
1178 1543 1247 1612 C.
1284 1539 1619 1638 Pamphile
1644 1594 1667 1630 ‚
1931 1573 1935 1576 ·

413 1664 480 1736 Si
528 1663 600 1736 id
649 1663 811 1736 facis
839 1720 862 1756 ‚
908 1667 1110 1740 hodie
1153 1665 1564 1763 postremum
1610 1690 1720 1739 me
1766 1663 1975 1740 videS.
2015 1659 2124 1743 PL·
2152 1666 2342 1760 Quid

746 1789 894 1865 ita?
952 1795 1019 1864 C.
1066 1793 1173 1867 hei
1215 1785 1423 1862 ‘mihil

417 1915 677 1987 Vereor
726 1914 968 1988 dicere.
1012 1915 1167 1990 huic
1213 1915 1322 1988 dic
1352 1968 1375 2004 ,
1420 1909 1703 2011 quaese,
1739 1913 2041 2012 Byrrhia.
2072 1917 2189 2012 ΠΒ(
2211 1937 2342 2007 ego

699 2030 716 2053 ⁶
747 2037 989 2113 dicam.
1030 2041 1113 2114 P.
1170 2039 1332 2139 quid
1374 2035 1520 2110 est?
2251 2064 2336 2144 ²5
2382 2141 2389 2147 ι
2515 2131 2527 2148 ⁸

416 2164 501 2237 B.
533 2161 850 2263 Sponsam
878 2164 988 2238 hic
1016 2184 1198 2237 tuam
1238 2181 1434 2235 amat.
1472 2163 1704 2236 P.·nae
1729 2159 1847 2234 iste
1872 2161 2049 2236 haud
2077 2189 2343 2238 mecum

742 2288 961 2363 sentit.
1008 2288 1301 2362 ehodum
1347 2286 1459 2360 dic
1497 2287 1710 2358 inihi.
2384 2373 2393 2383 .

410 2412 594 2487 Num
634 2415 951 2515 quidnam
1003 2412 1285 2510 amplius
1316 2412 1438 2484 tibi
1475 2437 1626 2485 cum
1671 2410 1778 2482 illa
1817 2407 1983 2499 fuit,
2007 2408 2344 2488 Charine?

757 2542 831 2610 C.
885 2538 1013 2625 ab,
1054 2536 1440 2633 Pamphile,

417 2663 648 2737 Nihil.-
669 2668 748 2735 P.
787 2680 989 2756 quam
1024 2656 1334 2733 velleml'
1370 2663 1440 2731 C.
1487 2683 1669 2731 nunc
1720 2673 1787 2730 te
1833 2681 1953 2754 per
1990 2650 2348 2742 amicitiam
2381 2733 2398 2747 ,

757 2798 825 2858 et
876 2805 994 2878 per
1039 2805 1335 2854 amorem
1375 2779 1702 2872 obsecre,

420 2866 809 3009 principie,
859 2923 933 2977 ut
978 2930 1062 2978 ne
1104 2905 1322 2979 ducas.
1371 2911 1455 2980 P.
1485 2909 1661 2989 dabo
1697 2908 2010 3007 equidem
2054 2930 2352 3004 operam.

763 3037 835 3106 C.
888 3030 997 3106 sed
1048 3029 1093 3102 fi
1145 3031 1212 3103 id
1266 3056 1406 3105 non
1465 3057 1703 3129 potes.

422 3164 559 3232 Aut
585 3156 706 3230 tibi
735 3159 1001 3254 nuptiae
1039 3158 1161 3230 hae
1189 3157 1334 3231 sunt
1361 3158 1578 3235 cordi.
1630 3163 1712 3235 P.
1742 3160 1988 3236 cordi.
2038 3161 2111 3232 C.
2143 3158 2205 3230 sa
2192 3155 2348 3229 {tim
2402 3173 2419 3211 '-

759 3282 1014 3381 aliqum
1066 3282 1208 3358 dies
2257 3307 2348 3376 30
2397 3332 2410 3345 ·

426 3404 704 3498 Profer,
733 3407 891 3480 dum
918 3407 1312 3506 proficiscor
1349 3409 1623 3509 aliq1103
1655 3433 1736 3481 ne
1762 3410 2049 3483 videam.
2085 3409 2170 3478 P.
2200 3405 2352 3478 audi

761 3559 935 3609 nunc
973 3532 1143 3608 iam.

421 3657 615 3756 Ego,
655 3657 995 3746 Charine,
1039 3658 1423 3756 neutiquam
1468 3654 1767 3730 officium
1808 3656 1998 3795 liberi
2042 3655 2170 3736 effe
2215 3656 2348 3732 ho·

762 3779 959 3852 minis
1013 3804 1232 3876 puto,

357 3920 374 3935 ·
433 3901 688 3974 Cumis
713 3904 802 3973 ml
821 3926 1221 3997 promereat
1237 3901 1569 4000 postulare
1589 3901 1658 3975 1d
1674 3907 1913 4004 gratiae
1932 3901 2181 4010 apponi
2214 3907 2352 3979 fibi.

431 4022 716 4121 Nuptias
740 4023 1028 4119 effugere
1063 4042 1192 4121 ego
1223 4025 1371 4099 istas
1397 4028 1578 4099 malo
1592 4054 1836 4130 ,quam
1879 4054 1955 4106 tu
1988 4008 2352 4131 apiscier.
2404 4034 2421 4059 ⁰

436 4152 508 4224 C.
558 4147 922 4224 Reddidisti
969 4146 1286 4224 animum.
1346 4156 1431 4226 P.
1483 4177 1657 4230 nunc
1709 4154 1756 4226 fi
1799 4157 1963 4254 quid
2003 4182 2199 4255 potes
2240 4179 2354 4232 aut

767 4293 883 4368 tu,
928 4293 1040 4348 aut
1079 4271 1190 4349 hic
1230 4277 1552 4377 Byrrhia,
1712 4321 1738 4340 κ·
2258 4305 2345 4383 35

517 4490 544 4532 1
586 4469 805 4555 Frigide
835 4471 1074 4553 loquitur
1104 4469 1166 4533 &
1193 4469 1343 4552 quali
1372 4470 1428 4532 id
1465 4493 1659 4555 pamm
1691 4469 1790 4532 {ibi
1822 4473 2121 4539 urcundum
2152 4472 2239 4540 fit.
