<?xml version="1.0" encoding="UTF-8"?>
<!DOCTYPE html PUBLIC "-//W3C//DTD XHTML 1.0 Transitional//EN"
    "http://www.w3.org/TR/xhtml1/DTD/xhtml1-transitional.dtd">
<html xmlns="http://www.w3.org/1999/xhtml" xml:lang="en" lang="en">
 <head>
  <title>
</title>
<meta http-equiv="Content-Type" content="text/html;charset=utf-8" />
  <meta name='ocr-system' content='tesseract 3.04.00' />
  <meta name='ocr-capabilities' content='ocr_page ocr_carea ocr_par ocr_line ocrx_word'/>
</head>
<body>
  <div class='ocr_page' id='page_1' title='image "./publiiterentiia00teregoog_0267.png"; bbox 0 0 2809 5234; ppageno 0'>
   <div class='ocr_carea' id='block_1_1' title="bbox 106 559 774 732">
    <p class='ocr_par' dir='ltr' id='par_1_1' title="bbox 106 175 774 732">
     <span class='ocr_line' id='line_1_1' title="bbox 129 559 433 601; baseline -0.003 -4.062"><span class='ocrx_word' id='word_1_1' title='bbox 129 559 170 595; x_wconf 56' lang='grc' dir='ltr'>ε.</span> <span class='ocrx_word' id='word_1_2' title='bbox 358 590 363 601; x_wconf 56' lang='lat'><strong>¹</strong></span> <span class='ocrx_word' id='word_1_3' title='bbox 424 565 433 583; x_wconf 52' lang='grc' dir='ltr'><em>Ο</em></span> 
     </span>
     <span class='ocr_line' id='line_1_2' title="bbox 112 602 774 615; baseline 0.009 -6"><span class='ocrx_word' id='word_1_4' title='bbox 112 602 134 615; x_wconf 78' lang='grc'>.,</span> <span class='ocrx_word' id='word_1_5' title='bbox 768 602 774 615; x_wconf 77' lang='grc' dir='ltr'><strong><em>ι</em></strong></span> 
     </span>
     <span class='ocr_line' id='line_1_3' title="bbox 106 626 195 655; baseline 0 0"><span class='ocrx_word' id='word_1_6' title='bbox 106 626 114 643; x_wconf 68' lang='lat'>¹</span> <span class='ocrx_word' id='word_1_7' title='bbox 189 642 195 655; x_wconf 81' lang='grc' dir='ltr'><strong><em>ι</em></strong></span> 
     </span>
     <span class='ocr_line' id='line_1_4' title="bbox 118 688 125 707; baseline 0 0"><span class='ocrx_word' id='word_1_8' title='bbox 118 688 125 707; x_wconf 84' lang='grc' dir='ltr'>Ι</span> 
     </span>
     <span class='ocr_line' id='line_1_5' title="bbox 327 724 331 732; baseline 0 0"><span class='ocrx_word' id='word_1_9' title='bbox 327 724 331 732; x_wconf 89' lang='grc'>.</span> 
     </span>
    </p>
   </div>
   <div class='ocr_carea' id='block_1_2' title="bbox 173 903 1253 1159">
    <p class='ocr_par' dir='ltr' id='par_1_2' title="bbox 173 903 1253 1159">
     <span class='ocr_line' id='line_1_6' title="bbox 285 903 1253 1002; baseline -0.006 -19"><span class='ocrx_word' id='word_1_10' title='bbox 285 903 1007 983; x_wconf 75' lang='lat' dir='ltr'>Henurourtuonuueuos.</span> <span class='ocrx_word' id='word_1_11' title='bbox 1081 926 1155 1002; x_wconf 54' lang='grc' dir='ltr'>εις</span> <span class='ocrx_word' id='word_1_12' title='bbox 1249 948 1253 957; x_wconf 89' lang='grc'>-</span> 
     </span>
     <span class='ocr_line' id='line_1_7' title="bbox 173 1063 1225 1159; baseline -0.007 -14"><span class='ocrx_word' id='word_1_13' title='bbox 173 1063 363 1145; x_wconf 70' lang='lat' dir='ltr'>-Faflum&#39;a</span> <span class='ocrx_word' id='word_1_14' title='bbox 384 1068 481 1143; x_wconf 86' lang='lat' dir='ltr'>nobis</span> <span class='ocrx_word' id='word_1_15' title='bbox 503 1067 596 1143; x_wconf 85' lang='lat' dir='ltr'>stulte</span> <span class='ocrx_word' id='word_1_16' title='bbox 610 1067 666 1142; x_wconf 86' lang='lat' dir='ltr'>est.</span> <span class='ocrx_word' id='word_1_17' title='bbox 680 1064 736 1140; x_wconf 82' lang='lat' dir='ltr'>abi</span> <span class='ocrx_word' id='word_1_18' title='bbox 748 1066 828 1139; x_wconf 92' lang='lat' dir='ltr'>dum</span> <span class='ocrx_word' id='word_1_19' title='bbox 849 1083 902 1158; x_wconf 90' lang='lat' dir='ltr'>tu,</span> <span class='ocrx_word' id='word_1_20' title='bbox 916 1067 1076 1152; x_wconf 90' lang='lat' dir='ltr'>Dromo,</span> <span class='ocrx_word' id='word_1_21' title='bbox 1090 1065 1155 1138; x_wconf 80' lang='lat' dir='ltr'>illis</span> <span class='ocrx_word' id='word_1_22' title='bbox 1221 1148 1225 1159; x_wconf 49' lang='grc'>,</span> 
     </span>
    </p>
   </div>
   <div class='ocr_carea' id='block_1_3' title="bbox 102 1191 1211 4272">
    <p class='ocr_par' dir='ltr' id='par_1_3' title="bbox 102 1191 1211 4272">
     <span class='ocr_line' id='line_1_8' title="bbox 358 1191 508 1267; baseline 0.013 -2"><span class='ocrx_word' id='word_1_23' title='bbox 358 1191 508 1267; x_wconf 85' lang='lat' dir='ltr'>obviant.</span> 
     </span>
     <span class='ocr_line' id='line_1_9' title="bbox 190 1310 1156 1416; baseline -0.007 -24"><span class='ocrx_word' id='word_1_24' title='bbox 190 1331 202 1369; x_wconf 89' lang='lat'>¹</span> <span class='ocrx_word' id='word_1_25' title='bbox 220 1321 386 1415; x_wconf 82' lang='lat' dir='ltr'>Propera:</span> <span class='ocrx_word' id='word_1_26' title='bbox 403 1316 485 1416; x_wconf 88' lang='lat' dir='ltr'>quid</span> <span class='ocrx_word' id='word_1_27' title='bbox 499 1315 586 1389; x_wconf 77' lang='lat' dir='ltr'>llas?</span> <span class='ocrx_word' id='word_1_28' title='bbox 605 1319 688 1391; x_wconf 84' lang='lat' dir='ltr'>Clin.</span> <span class='ocrx_word' id='word_1_29' title='bbox 700 1340 765 1393; x_wconf 82' lang='lat' dir='ltr'>vae</span> <span class='ocrx_word' id='word_1_30' title='bbox 779 1312 901 1405; x_wconf 75' lang='lat' dir='ltr'>misero</span> <span class='ocrx_word' id='word_1_31' title='bbox 917 1310 1020 1404; x_wconf 90' lang='lat' dir='ltr'>mihi,</span> <span class='ocrx_word' id='word_1_32' title='bbox 1033 1323 1156 1410; x_wconf 80' lang='lat' dir='ltr'>quanta</span> 
     </span>
     <span class='ocr_line' id='line_1_10' title="bbox 360 1439 653 1539; baseline 0 -25"><span class='ocrx_word' id='word_1_33' title='bbox 360 1441 402 1514; x_wconf 87' lang='lat' dir='ltr'>‹le</span> <span class='ocrx_word' id='word_1_34' title='bbox 423 1440 480 1539; x_wconf 88' lang='lat' dir='ltr'>spe</span> <span class='ocrx_word' id='word_1_35' title='bbox 503 1439 611 1513; x_wconf 91' lang='lat' dir='ltr'>decidi</span> <span class='ocrx_word' id='word_1_36' title='bbox 627 1454 653 1514; x_wconf 85' lang='lat'>².</span> 
     </span>
     <span class='ocr_line' id='line_1_11' title="bbox 191 1558 1157 1664; baseline -0.012 -22"><span class='ocrx_word' id='word_1_37' title='bbox 191 1570 262 1643; x_wconf 74' lang='lat' dir='ltr'>clu.</span> <span class='ocrx_word' id='word_1_38' title='bbox 274 1564 369 1660; x_wconf 85' lang='lat' dir='ltr'>Quid</span> <span class='ocrx_word' id='word_1_39' title='bbox 380 1563 484 1641; x_wconf 84' lang='lat' dir='ltr'>istuc?</span> <span class='ocrx_word' id='word_1_40' title='bbox 495 1589 579 1664; x_wconf 78' lang='lat' dir='ltr'>quae</span> <span class='ocrx_word' id='word_1_41' title='bbox 591 1588 644 1650; x_wconf 84' lang='lat' dir='ltr'>res</span> <span class='ocrx_word' id='word_1_42' title='bbox 656 1582 688 1640; x_wconf 86' lang='lat' dir='ltr'>te</span> <span class='ocrx_word' id='word_1_43' title='bbox 698 1563 850 1640; x_wconf 82' lang='lat' dir='ltr'>sollicitat</span> <span class='ocrx_word' id='word_1_44' title='bbox 861 1558 991 1643; x_wconf 76' lang='lat' dir='ltr'>autem?</span> <span class='ocrx_word' id='word_1_45' title='bbox 1008 1563 1093 1634; x_wconf 86' lang='lat' dir='ltr'>Clin.</span> <span class='ocrx_word' id='word_1_46' title='bbox 1105 1583 1157 1631; x_wconf 88' lang='lat' dir='ltr'>ro·</span> 
     </span>
     <span class='ocr_line' id='line_1_12' title="bbox 242 1687 1211 1788; baseline -0.007 -25"><span class='ocrx_word' id='word_1_47' title='bbox 242 1771 245 1777; x_wconf 57' lang='grc'><strong>,</strong></span> <span class='ocrx_word' id='word_1_48' title='bbox 358 1691 441 1786; x_wconf 78' lang='lat' dir='ltr'>gius</span> <span class='ocrx_word' id='word_1_49' title='bbox 453 1687 536 1788; x_wconf 89' lang='lat' dir='ltr'>quid</span> <span class='ocrx_word' id='word_1_50' title='bbox 549 1688 632 1763; x_wconf 81' lang='lat' dir='ltr'>liet?</span> <span class='ocrx_word' id='word_1_51' title='bbox 1112 1708 1211 1758; x_wconf 89' lang='lat'>10.</span> 
     </span>
     <span class='ocr_line' id='line_1_13' title="bbox 173 1810 1192 1911; baseline -0.003 -25"><span class='ocrx_word' id='word_1_52' title='bbox 173 1811 314 1891; x_wconf 72' lang='lat' dir='ltr'>..Viden’</span> <span class='ocrx_word' id='word_1_53' title='bbox 327 1830 363 1885; x_wconf 87' lang='lat' dir='ltr'>tu</span> <span class='ocrx_word' id='word_1_54' title='bbox 381 1813 532 1901; x_wconf 75' lang='lat' dir='ltr'>ancillas,</span> <span class='ocrx_word' id='word_1_55' title='bbox 553 1837 688 1905; x_wconf 87' lang='lat' dir='ltr'>aurum,</span> <span class='ocrx_word' id='word_1_56' title='bbox 702 1810 855 1887; x_wconf 76' lang='lat' dir='ltr'>vellem?</span> <span class='ocrx_word' id='word_1_57' title='bbox 882 1835 982 1909; x_wconf 87' lang='lat' dir='ltr'>quam</span> <span class='ocrx_word' id='word_1_58' title='bbox 996 1833 1062 1911; x_wconf 84' lang='lat' dir='ltr'>ego</span> <span class='ocrx_word' id='word_1_59' title='bbox 1076 1834 1155 1888; x_wconf 85' lang='lat' dir='ltr'>cunt</span> <span class='ocrx_word' id='word_1_60' title='bbox 1188 1837 1192 1845; x_wconf 75' lang='grc'>’</span> 
     </span>
     <span class='ocr_line' id='line_1_14' title="bbox 362 1934 595 2011; baseline -0.017 0"><span class='ocrx_word' id='word_1_61' title='bbox 362 1963 426 2011; x_wconf 88' lang='lat' dir='ltr'>una</span> <span class='ocrx_word' id='word_1_62' title='bbox 447 1934 595 2011; x_wconf 82' lang='lat' dir='ltr'>ancillula</span> 
     </span>
     <span class='ocr_line' id='line_1_15' title="bbox 193 2057 1155 2169; baseline -0.008 -29"><span class='ocrx_word' id='word_1_63' title='bbox 193 2062 257 2141; x_wconf 87' lang='lat' dir='ltr'>Hic</span> <span class='ocrx_word' id='word_1_64' title='bbox 282 2063 411 2163; x_wconf 88' lang='lat' dir='ltr'>reliqui.</span> <span class='ocrx_word' id='word_1_65' title='bbox 438 2061 556 2134; x_wconf 82' lang='lat' dir='ltr'>unde³</span> <span class='ocrx_word' id='word_1_66' title='bbox 585 2057 651 2133; x_wconf 79' lang='lat' dir='ltr'>elle</span> <span class='ocrx_word' id='word_1_67' title='bbox 670 2059 834 2169; x_wconf 68' lang='lat' dir='ltr'>censesti</span> <span class='ocrx_word' id='word_1_68' title='bbox 859 2062 934 2133; x_wconf 69' lang='lat' dir='ltr'>clii.</span> <span class='ocrx_word' id='word_1_69' title='bbox 960 2057 1155 2147; x_wconf 83' lang='lat' dir='ltr'>vah,nunc</span> 
     </span>
     <span class='ocr_line' id='line_1_16' title="bbox 287 2183 721 2289; baseline -0.016 -30"><span class='ocrx_word' id='word_1_70' title='bbox 287 2237 293 2252; x_wconf 83' lang='lat'><strong>·</strong></span> <span class='ocrx_word' id='word_1_71' title='bbox 363 2187 529 2289; x_wconf 80' lang='lat' dir='ltr'>demum⁵</span> <span class='ocrx_word' id='word_1_72' title='bbox 554 2183 721 2281; x_wconf 78' lang='lat' dir='ltr'><strong>intellego.</strong></span> 
     </span>
     <span class='ocr_line' id='line_1_17' title="bbox 193 2295 1157 2404; baseline -0.013 -20"><span class='ocrx_word' id='word_1_73' title='bbox 193 2318 231 2388; x_wconf 86' lang='lat' dir='ltr'>S.</span> <span class='ocrx_word' id='word_1_74' title='bbox 254 2313 317 2387; x_wconf 92' lang='lat' dir='ltr'>Dii</span> <span class='ocrx_word' id='word_1_75' title='bbox 336 2309 443 2395; x_wconf 86' lang='lat' dir='ltr'>boni,</span> <span class='ocrx_word' id='word_1_76' title='bbox 464 2306 546 2404; x_wconf 89' lang='lat' dir='ltr'>quid</span> <span class='ocrx_word' id='word_1_77' title='bbox 569 2305 686 2379; x_wconf 80' lang='lat' dir='ltr'>turbae</span> <span class='ocrx_word' id='word_1_78' title='bbox 711 2305 759 2380; x_wconf 81' lang='lat' dir='ltr'>est</span> <span class='ocrx_word' id='word_1_79' title='bbox 774 2305 817 2380; x_wconf 78' lang='lat'>⁶?</span> <span class='ocrx_word' id='word_1_80' title='bbox 833 2305 929 2380; x_wconf 86' lang='lat' dir='ltr'>aedes</span> <span class='ocrx_word' id='word_1_81' title='bbox 950 2298 1080 2376; x_wconf 81' lang='lat' dir='ltr'>nollrae</span> <span class='ocrx_word' id='word_1_82' title='bbox 1097 2295 1157 2375; x_wconf 82' lang='lat' dir='ltr'>vix</span> 
     </span>
     <span class='ocr_line' id='line_1_18' title="bbox 170 2406 620 2536; baseline -0.013 -28"><span class='ocrx_word' id='word_1_83' title='bbox 170 2527 175 2536; x_wconf 83' lang='lat'><strong>.</strong></span> <span class='ocrx_word' id='word_1_84' title='bbox 364 2406 518 2528; x_wconf 70' lang='lat' dir='ltr'>cupient,</span> <span class='ocrx_word' id='word_1_85' title='bbox 541 2428 620 2502; x_wconf 88' lang='lat' dir='ltr'>scio.</span> 
     </span>
     <span class='ocr_line' id='line_1_19' title="bbox 195 2537 1158 2650; baseline -0.007 -25"><span class='ocrx_word' id='word_1_86' title='bbox 195 2553 288 2646; x_wconf 85' lang='lat' dir='ltr'><strong>Quid</strong></span> <span class='ocrx_word' id='word_1_87' title='bbox 312 2551 510 2626; x_wconf 78' lang='lat' dir='ltr'>comedent?</span> <span class='ocrx_word' id='word_1_88' title='bbox 532 2537 617 2650; x_wconf 90' lang='lat' dir='ltr'>quid</span> <span class='ocrx_word' id='word_1_89' title='bbox 640 2549 802 2626; x_wconf 78' lang='lat' dir='ltr'>ebibent?</span> <span class='ocrx_word' id='word_1_90' title='bbox 822 2548 905 2648; x_wconf 91' lang='lat' dir='ltr'>quid</span> <span class='ocrx_word' id='word_1_91' title='bbox 923 2546 998 2621; x_wconf 89' lang='lat' dir='ltr'>sene</span> <span class='ocrx_word' id='word_1_92' title='bbox 1012 2542 1074 2620; x_wconf 88' lang='lat' dir='ltr'>etit</span> <span class='ocrx_word' id='word_1_93' title='bbox 1093 2567 1158 2619; x_wconf 87' lang='lat' dir='ltr'>no-</span> 
     </span>
     <span class='ocr_line' id='line_1_20' title="bbox 288 2671 633 2751; baseline 0.02 -12"><span class='ocrx_word' id='word_1_94' title='bbox 288 2728 293 2738; x_wconf 87' lang='lat'><em>.</em></span> <span class='ocrx_word' id='word_1_95' title='bbox 355 2671 432 2745; x_wconf 75' lang='lat' dir='ltr'>liro</span> <span class='ocrx_word' id='word_1_96' title='bbox 458 2673 633 2751; x_wconf 75' lang='lat' dir='ltr'>miserius?</span> 
     </span>
     <span class='ocr_line' id='line_1_21' title="bbox 146 2797 1159 2898; baseline -0.004 -24"><span class='ocrx_word' id='word_1_97' title='bbox 146 2834 150 2839; x_wconf 96' lang='lat'>·</span> <span class='ocrx_word' id='word_1_98' title='bbox 193 2801 258 2875; x_wconf 88' lang='lat' dir='ltr'>Sed</span> <span class='ocrx_word' id='word_1_99' title='bbox 270 2798 395 2888; x_wconf 83' lang='lat' dir='ltr'>video,</span> <span class='ocrx_word' id='word_1_100' title='bbox 415 2822 536 2888; x_wconf 81' lang='lat' dir='ltr'>eccos,</span> <span class='ocrx_word' id='word_1_101' title='bbox 550 2822 635 2896; x_wconf 86' lang='lat' dir='ltr'>quos</span> <span class='ocrx_word' id='word_1_102' title='bbox 648 2799 818 2875; x_wconf 80' lang='lat' dir='ltr'>volebam.</span> <span class='ocrx_word' id='word_1_103' title='bbox 846 2802 932 2874; x_wconf 73' lang='lat' dir='ltr'><em>clia.</em></span> <span class='ocrx_word' id='word_1_104' title='bbox 952 2797 1159 2898; x_wconf 83' lang='lat' dir='ltr'>oluppiter,</span> 
     </span>
     <span class='ocr_line' id='line_1_22' title="bbox 364 2918 1153 3020; baseline 0.008 -24"><span class='ocrx_word' id='word_1_105' title='bbox 364 2925 499 2997; x_wconf 83' lang='lat' dir='ltr'>ubinam</span> <span class='ocrx_word' id='word_1_106' title='bbox 527 2918 574 2997; x_wconf 79' lang='lat' dir='ltr'>est</span> <span class='ocrx_word' id='word_1_107' title='bbox 599 2920 709 2999; x_wconf 75' lang='lat' dir='ltr'>fides?</span> <span class='ocrx_word' id='word_1_108' title='bbox 1114 2944 1153 3020; x_wconf 86' lang='lat'>15</span> 
     </span>
     <span class='ocr_line' id='line_1_23' title="bbox 195 3047 1157 3148; baseline -0.01 -19"><span class='ocrx_word' id='word_1_109' title='bbox 195 3050 290 3129; x_wconf 88' lang='lat' dir='ltr'>Dum</span> <span class='ocrx_word' id='word_1_110' title='bbox 312 3075 376 3148; x_wconf 80' lang='lat' dir='ltr'>ego</span> <span class='ocrx_word' id='word_1_111' title='bbox 400 3067 538 3148; x_wconf 83' lang='lat' dir='ltr'>propter</span> <span class='ocrx_word' id='word_1_112' title='bbox 554 3067 587 3121; x_wconf 90' lang='lat' dir='ltr'>te</span> <span class='ocrx_word' id='word_1_113' title='bbox 611 3073 723 3123; x_wconf 84' lang='lat' dir='ltr'>errans</span> <span class='ocrx_word' id='word_1_114' title='bbox 746 3048 852 3147; x_wconf 84' lang='lat' dir='ltr'>patria</span> <span class='ocrx_word' id='word_1_115' title='bbox 873 3070 971 3123; x_wconf 82' lang='lat' dir='ltr'>careo</span> <span class='ocrx_word' id='word_1_116' title='bbox 996 3047 1157 3139; x_wconf 80' lang='lat' dir='ltr'>demens,</span> 
     </span>
     <span class='ocr_line' id='line_1_24' title="bbox 102 3154 629 3275; baseline 0 -30"><span class='ocrx_word' id='word_1_117' title='bbox 102 3154 108 3171; x_wconf 55' lang='lat'>⁸</span> <span class='ocrx_word' id='word_1_118' title='bbox 363 3193 398 3245; x_wconf 86' lang='lat' dir='ltr'>tu</span> <span class='ocrx_word' id='word_1_119' title='bbox 415 3173 539 3247; x_wconf 83' lang='lat' dir='ltr'>interea</span> <span class='ocrx_word' id='word_1_120' title='bbox 560 3174 629 3275; x_wconf 88' lang='lat' dir='ltr'>loci</span> 
     </span>
     <span class='ocr_line' id='line_1_25' title="bbox 196 3293 1156 3399; baseline -0.004 -26"><span class='ocrx_word' id='word_1_121' title='bbox 196 3295 480 3396; x_wconf 80' lang='lat' dir='ltr'>Conlocupletasti</span> <span class='ocrx_word' id='word_1_122' title='bbox 498 3319 552 3388; x_wconf 87' lang='lat' dir='ltr'>te,</span> <span class='ocrx_word' id='word_1_123' title='bbox 568 3297 754 3399; x_wconf 78' lang='lat' dir='ltr'>Antiphila,</span> <span class='ocrx_word' id='word_1_124' title='bbox 771 3317 805 3374; x_wconf 86' lang='lat' dir='ltr'>et</span> <span class='ocrx_word' id='word_1_125' title='bbox 819 3323 872 3372; x_wconf 91' lang='lat' dir='ltr'>me</span> <span class='ocrx_word' id='word_1_126' title='bbox 885 3295 921 3370; x_wconf 94' lang='lat' dir='ltr'>in</span> <span class='ocrx_word' id='word_1_127' title='bbox 940 3293 992 3370; x_wconf 88' lang='lat' dir='ltr'>his</span> <span class='ocrx_word' id='word_1_128' title='bbox 1011 3293 1156 3370; x_wconf 88' lang='lat' dir='ltr'>deserui·</span> 
     </span>
     <span class='ocr_line' id='line_1_26' title="bbox 238 3399 552 3524; baseline -0.003 -27"><span class='ocrx_word' id='word_1_129' title='bbox 238 3399 278 3524; x_wconf 66' lang='lat'>]</span> <span class='ocrx_word' id='word_1_130' title='bbox 362 3422 402 3497; x_wconf 81' lang='lat' dir='ltr'>tu</span> <span class='ocrx_word' id='word_1_131' title='bbox 422 3422 552 3514; x_wconf 70' lang='lat' dir='ltr'>maus„</span> 
     </span>
     <span class='ocr_line' id='line_1_27' title="bbox 237 3628 1156 3714; baseline 0 -22"><span class='ocrx_word' id='word_1_132' title='bbox 237 3650 250 3692; x_wconf 86' lang='lat'>1</span> <span class='ocrx_word' id='word_1_133' title='bbox 271 3629 317 3691; x_wconf 80' lang='lat' dir='ltr'>Al.</span> <span class='ocrx_word' id='word_1_134' title='bbox 331 3650 446 3711; x_wconf 82' lang='lat' dir='ltr'><strong><em>propere.</em></strong></span> <span class='ocrx_word' id='word_1_135' title='bbox 745 3630 821 3695; x_wconf 80' lang='lat' dir='ltr'>6Ex</span> <span class='ocrx_word' id='word_1_136' title='bbox 836 3631 1005 3695; x_wconf 84' lang='lat' dir='ltr'>sermonibus</span> <span class='ocrx_word' id='word_1_137' title='bbox 1019 3628 1083 3714; x_wconf 87' lang='lat' dir='ltr'>Syri</span> <span class='ocrx_word' id='word_1_138' title='bbox 1094 3650 1156 3692; x_wconf 84' lang='lat' dir='ltr'>ma·</span> 
     </span>
     <span class='ocr_line' id='line_1_28' title="bbox 238 3712 1157 3806; baseline 0.002 -25"><span class='ocrx_word' id='word_1_139' title='bbox 238 3721 334 3781; x_wconf 74' lang='lat' dir='ltr'>zlam</span> <span class='ocrx_word' id='word_1_140' title='bbox 352 3720 509 3780; x_wconf 79' lang='lat' dir='ltr'>deturbatur</span> <span class='ocrx_word' id='word_1_141' title='bbox 518 3741 606 3785; x_wconf 57' lang='lat' dir='ltr'>mens»</span> <span class='ocrx_word' id='word_1_142' title='bbox 665 3712 671 3741; x_wconf 68' lang='lat'>¹·</span> <span class='ocrx_word' id='word_1_143' title='bbox 706 3723 748 3784; x_wconf 87' lang='lat' dir='ltr'>ior</span> <span class='ocrx_word' id='word_1_144' title='bbox 758 3721 840 3803; x_wconf 89' lang='lat' dir='ltr'>usque</span> <span class='ocrx_word' id='word_1_145' title='bbox 854 3721 923 3784; x_wconf 76' lang='lat' dir='ltr'>fidet</span> <span class='ocrx_word' id='word_1_146' title='bbox 938 3724 1157 3806; x_wconf 77' lang='lat' dir='ltr'>opinioni,qtne</span> 
     </span>
     <span class='ocr_line' id='line_1_29' title="bbox 242 3808 1158 3897; baseline 0.009 -31"><span class='ocrx_word' id='word_1_147' title='bbox 242 3808 315 3883; x_wconf 82' lang='lat' dir='ltr'>3Al</span> <span class='ocrx_word' id='word_1_148' title='bbox 326 3809 450 3888; x_wconf 84' lang='lat' dir='ltr'>ingerunt</span> <span class='ocrx_word' id='word_1_149' title='bbox 460 3832 491 3868; x_wconf 81' lang='lat' dir='ltr'>ea</span> <span class='ocrx_word' id='word_1_150' title='bbox 500 3808 561 3890; x_wconf 87' lang='lat' dir='ltr'>post</span> <span class='ocrx_word' id='word_1_151' title='bbox 571 3813 648 3870; x_wconf 82' lang='lat' dir='ltr'>unde.</span> <span class='ocrx_word' id='word_1_152' title='bbox 708 3813 826 3875; x_wconf 82' lang='lat' dir='ltr'>Cliniam</span> <span class='ocrx_word' id='word_1_153' title='bbox 843 3829 930 3897; x_wconf 85' lang='lat' dir='ltr'>urget.</span> <span class='ocrx_word' id='word_1_154' title='bbox 961 3814 989 3876; x_wconf 83' lang='lat' dir='ltr'>Is</span> <span class='ocrx_word' id='word_1_155' title='bbox 1007 3837 1076 3878; x_wconf 87' lang='lat' dir='ltr'>veto</span> <span class='ocrx_word' id='word_1_156' title='bbox 1090 3817 1158 3877; x_wconf 80' lang='lat' dir='ltr'>haec</span> 
     </span>
     <span class='ocr_line' id='line_1_30' title="bbox 239 3898 1158 3993; baseline 0.013 -32"><span class='ocrx_word' id='word_1_157' title='bbox 239 3923 259 3976; x_wconf 86' lang='lat'>4</span> <span class='ocrx_word' id='word_1_158' title='bbox 277 3898 337 3962; x_wconf 87' lang='lat' dir='ltr'>Nist</span> <span class='ocrx_word' id='word_1_159' title='bbox 355 3921 389 3961; x_wconf 85' lang='lat' dir='ltr'>ex</span> <span class='ocrx_word' id='word_1_160' title='bbox 401 3901 542 3981; x_wconf 84' lang='lat' dir='ltr'>quaestus.</span> <span class='ocrx_word' id='word_1_161' title='bbox 554 3915 648 3966; x_wconf 82' lang='lat' dir='ltr'>mere-</span> <span class='ocrx_word' id='word_1_162' title='bbox 707 3929 765 3969; x_wconf 90' lang='lat' dir='ltr'>non</span> <span class='ocrx_word' id='word_1_163' title='bbox 778 3909 862 3982; x_wconf 87' lang='lat' dir='ltr'>dicit,</span> <span class='ocrx_word' id='word_1_164' title='bbox 877 3925 1008 3993; x_wconf 78' lang='lat' dir='ltr'>tanquam</span> <span class='ocrx_word' id='word_1_165' title='bbox 1028 3914 1096 3973; x_wconf 88' lang='lat' dir='ltr'>hero</span> <span class='ocrx_word' id='word_1_166' title='bbox 1110 3910 1158 3973; x_wconf 89' lang='lat' dir='ltr'>suo</span> 
     </span>
     <span class='ocr_line' id='line_1_31' title="bbox 195 3998 1159 4086; baseline 0.001 -25"><span class='ocrx_word' id='word_1_167' title='bbox 195 3998 274 4060; x_wconf 85' lang='lat' dir='ltr'>tricio</span> <span class='ocrx_word' id='word_1_168' title='bbox 287 4016 393 4059; x_wconf 83' lang='lat' dir='ltr'>amore.</span> <span class='ocrx_word' id='word_1_169' title='bbox 709 4004 821 4078; x_wconf 75' lang='lat' dir='ltr'>timent,</span> <span class='ocrx_word' id='word_1_170' title='bbox 841 4004 897 4086; x_wconf 84' lang='lat' dir='ltr'>ipse</span> <span class='ocrx_word' id='word_1_171' title='bbox 918 4007 1020 4067; x_wconf 88' lang='lat' dir='ltr'>horum</span> <span class='ocrx_word' id='word_1_172' title='bbox 1041 4004 1159 4080; x_wconf 83' lang='lat' dir='ltr'>artifex;</span> 
     </span>
     <span class='ocr_line' id='line_1_32' title="bbox 241 4088 1162 4179; baseline 0.004 -26"><span class='ocrx_word' id='word_1_173' title='bbox 241 4113 255 4177; x_wconf 78' lang='grc' dir='ltr'><strong>ς</strong></span> <span class='ocrx_word' id='word_1_174' title='bbox 282 4089 392 4153; x_wconf 81' lang='lat' dir='ltr'>Tardus</span> <span class='ocrx_word' id='word_1_175' title='bbox 411 4088 474 4152; x_wconf 84' lang='lat' dir='ltr'>sane</span> <span class='ocrx_word' id='word_1_176' title='bbox 494 4090 531 4152; x_wconf 83' lang='lat' dir='ltr'>ad</span> <span class='ocrx_word' id='word_1_177' title='bbox 548 4090 649 4153; x_wconf 89' lang='lat' dir='ltr'>intelli·</span> <span class='ocrx_word' id='word_1_178' title='bbox 708 4093 754 4156; x_wconf 87' lang='lat' dir='ltr'>sed</span> <span class='ocrx_word' id='word_1_179' title='bbox 767 4097 866 4177; x_wconf 78' lang='lat' dir='ltr'>gaudet</span> <span class='ocrx_word' id='word_1_180' title='bbox 883 4100 912 4158; x_wconf 93' lang='lat' dir='ltr'>in</span> <span class='ocrx_word' id='word_1_181' title='bbox 922 4099 1008 4169; x_wconf 84' lang='lat' dir='ltr'>ludis,</span> <span class='ocrx_word' id='word_1_182' title='bbox 1020 4114 1090 4179; x_wconf 81' lang='lat' dir='ltr'>quos</span> <span class='ocrx_word' id='word_1_183' title='bbox 1107 4095 1162 4157; x_wconf 84' lang='lat' dir='ltr'>seni</span> 
     </span>
     <span class='ocr_line' id='line_1_33' title="bbox 196 4185 1162 4272; baseline 0.006 -23"><span class='ocrx_word' id='word_1_184' title='bbox 196 4187 340 4271; x_wconf 79' lang='lat' dir='ltr'>gendum,</span> <span class='ocrx_word' id='word_1_185' title='bbox 358 4185 389 4248; x_wconf 86' lang='lat' dir='ltr'>ut</span> <span class='ocrx_word' id='word_1_186' title='bbox 413 4206 495 4269; x_wconf 80' lang='lat' dir='ltr'>quem</span> <span class='ocrx_word' id='word_1_187' title='bbox 514 4185 579 4247; x_wconf 83' lang='lat' dir='ltr'>nihil</span> <span class='ocrx_word' id='word_1_188' title='bbox 592 4187 650 4249; x_wconf 88' lang='lat' dir='ltr'>eius</span> <span class='ocrx_word' id='word_1_189' title='bbox 709 4188 813 4253; x_wconf 86' lang='lat' dir='ltr'>reddet.</span> <span class='ocrx_word' id='word_1_190' title='bbox 839 4189 919 4251; x_wconf 85' lang='lat' dir='ltr'>Servi</span> <span class='ocrx_word' id='word_1_191' title='bbox 938 4196 1016 4252; x_wconf 86' lang='lat' dir='ltr'>enirn</span> <span class='ocrx_word' id='word_1_192' title='bbox 1041 4190 1162 4272; x_wconf 84' lang='lat' dir='ltr'>plerique</span> 
     </span>
    </p>
   </div>
   <div class='ocr_carea' id='block_1_4' title="bbox 196 4281 1160 4459">
    <p class='ocr_par' dir='ltr' id='par_1_4' title="bbox 196 4281 1160 4459">
     <span class='ocr_line' id='line_1_34' title="bbox 196 4281 1160 4366; baseline 0.004 -24"><span class='ocrx_word' id='word_1_193' title='bbox 196 4284 237 4344; x_wconf 89' lang='lat' dir='ltr'>rei</span> <span class='ocrx_word' id='word_1_194' title='bbox 250 4284 394 4365; x_wconf 80' lang='lat' dir='ltr'>tetigerat,</span> <span class='ocrx_word' id='word_1_195' title='bbox 410 4282 439 4342; x_wconf 88' lang='lat' dir='ltr'>in</span> <span class='ocrx_word' id='word_1_196' title='bbox 452 4281 506 4346; x_wconf 85' lang='lat' dir='ltr'>alio</span> <span class='ocrx_word' id='word_1_197' title='bbox 522 4302 649 4365; x_wconf 76' lang='lat' dir='ltr'>occupa·</span> <span class='ocrx_word' id='word_1_198' title='bbox 709 4285 796 4366; x_wconf 81' lang='lat' dir='ltr'>magis</span> <span class='ocrx_word' id='word_1_199' title='bbox 819 4282 920 4343; x_wconf 85' lang='lat' dir='ltr'>faciunt</span> <span class='ocrx_word' id='word_1_200' title='bbox 942 4303 1008 4344; x_wconf 87' lang='lat' dir='ltr'>eum</span> <span class='ocrx_word' id='word_1_201' title='bbox 1032 4282 1160 4346; x_wconf 76' lang='lat' dir='ltr'>herilibus</span> 
     </span>
     <span class='ocr_line' id='line_1_35' title="bbox 196 4375 1159 4459; baseline 0.007 -23"><span class='ocrx_word' id='word_1_202' title='bbox 196 4390 257 4439; x_wconf 86' lang='lat' dir='ltr'>tum</span> <span class='ocrx_word' id='word_1_203' title='bbox 274 4398 379 4443; x_wconf 85' lang='lat' dir='ltr'>amore.</span> <span class='ocrx_word' id='word_1_204' title='bbox 485 4403 487 4407; x_wconf 64' lang='grc'>’</span> <span class='ocrx_word' id='word_1_205' title='bbox 709 4375 790 4457; x_wconf 82' lang='lat' dir='ltr'>filiis,</span> <span class='ocrx_word' id='word_1_206' title='bbox 805 4396 890 4459; x_wconf 79' lang='lat' dir='ltr'>quam</span> <span class='ocrx_word' id='word_1_207' title='bbox 909 4396 974 4439; x_wconf 84' lang='lat' dir='ltr'>cum</span> <span class='ocrx_word' id='word_1_208' title='bbox 996 4375 1059 4459; x_wconf 77' lang='lat' dir='ltr'>ipsu</span> <span class='ocrx_word' id='word_1_209' title='bbox 1078 4379 1159 4446; x_wconf 77' lang='lat' dir='ltr'>lteris.</span> 
     </span>
    </p>
   </div>
   <div class='ocr_carea' id='block_1_5' title="bbox 442 4516 576 4581">
    <p class='ocr_par' dir='ltr' id='par_1_5' title="bbox 442 4516 576 4581">
     <span class='ocr_line' id='line_1_36' title="bbox 442 4516 576 4581; baseline 0 -16"><span class='ocrx_word' id='word_1_210' title='bbox 442 4516 477 4581; x_wconf 56' lang='grc' dir='ltr'><em>Γ</em></span> <span class='ocrx_word' id='word_1_211' title='bbox 570 4547 576 4565; x_wconf 83' lang='lat' dir='ltr'>l</span> 
     </span>
    </p>
   </div>
   <div class='ocr_carea' id='block_1_6' title="bbox 1170 4720 1284 4804">
    <p class='ocr_par' dir='ltr' id='par_1_6' title="bbox 1170 4720 1284 4804">
     <span class='ocr_line' id='line_1_37' title="bbox 1170 4720 1284 4804; baseline 0 0"><span class='ocrx_word' id='word_1_212' title='bbox 1170 4720 1284 4804; x_wconf 59' lang='grc' dir='ltr'><strong><em>Ι</em></strong></span> 
     </span>
    </p>
   </div>
   <div class='ocr_carea' id='block_1_7' title="bbox 0 0 1419 5234">
    <p class='ocr_par' dir='ltr' id='par_1_7' title="bbox 0 0 1419 5234">
     <span class='ocr_line' id='line_1_38' title="bbox 0 0 1419 5234; baseline 0 0"><span class='ocrx_word' id='word_1_213' title='bbox 0 0 1419 5234; x_wconf 95' lang='lat' dir='ltr'> </span> 
     </span>
    </p>
   </div>
  </div>
 </body>
</html>
