2809 5234
228 215 1291 525 —

738 539 744 551 Χ

226 835 272 929 3⁶
495 781 1008 910 nren'rurir
1094 786 1099 803 ’

222 995 353 1070 Etenim
366 993 455 1093 ipsus
468 990 578 1071 secum
595 1023 667 1070 ram
683 1023 752 1069 rem
769 999 854 1070 resia
867 997 1035 1094 reputavit
1048 995 1115 1073 via.

220 1127 260 1193 S.
275 1119 401 1193 laudo.
409 1121 461 1191 D.
482 1134 490 1168 ¹
508 1120 588 1191 dum
599 1119 726 1191 licitum
738 1113 841 1205 esici,
852 1117 999 1215 dumque
1011 1136 1098 1190 aetas
1110 1118 1205 1215 tulit,

220 1239 382 1314 Amavit:
407 1257 478 1310 turn
497 1239 533 1308 id
547 1240 642 1310 clam.
665 1237 773 1323 cavit,
789 1264 833 1311 ne
849 1264 998 1336 unquam
1014 1237 1176 1314 infamiae

219 1364 267 1433 Ea
290 1384 341 1432 res
363 1357 424 1430 fibi
439 1347 547 1445 esset,
569 1375 608 1429 ut
630 1357 742 1430 virum
767 1356 893 1432 sortem
914 1358 1023 1435 dccet.

216 1485 316 1560 Nunc
352 1506 460 1557 uxore
488 1503 575 1577 opus
610 1477 689 1553 est:
718 1490 733 1524 ²
767 1479 916 1554 animum
973 1482 1019 1555 ad
1054 1507 1206 1563 uxorem

389 1599 526 1698 appulit.
1150 1633 1192 1708 ¹5

216 1740 255 1807 S.
268 1725 436 1804 Subtristis
451 1720 532 1798 visu’
578 1719 625 1794 esl
643 1720 710 1797 effe
735 1721 974 1820 aliquantulum
993 1727 1086 1800 mihi.

220 1859 274 1929 D.
288 1851 382 1925 Nihil
404 1865 543 1945 propter
555 1845 642 1920 hanc
658 1869 748 1918 rem:
768 1843 825 1918 sed
838 1841 891 1918 en
902 1860 937 1937 ³·‚
952 1850 1046 1945 quod
1062 1848 1199 1925 succen-

390 1965 437 2038 set
458 1961 528 2036 ribi.

214 2099 256 2166 S.
281 2088 449 2186 Quidnam
470 2083 536 2159 est?
557 2088 609 2157 D.
626 2081 779 2180 *puerile
795 2083 851 2157 est.
897 2093 935 2156 S.
957 2088 1038 2184 qnid
1051 2087 1097 2164 est
1112 2091 1127 2165 l
1145 2099 1200 2170 D.

390 2208 517 2284 nihils.
541 2212 577 2278 S.
594 2205 675 2303 quin
697 2207 769 2289 dic,
795 2206 877 2303 quid
896 2207 965 2281 esl?

222 2344 274 2416 D.
296 2337 375 2428 Ait,
399 2334 542 2408 nimium
564 2357 663 2431 parce
684 2331 795 2408 facere
817 2333 976 2410 sumtum.
1011 2344 1048 2410 S.
1067 2340 1195 2414 mene?

392 2462 444 2530 D.
465 2475 509 2530 te.

222 2581 311 2671 Vix,
331 2580 439 2677 inquit
451 2632 462 2668 ,
475 2576 640 2652 drachmis
657 2577 837 2651 obsonarns
853 2577 900 2651 est
918 2579 1047 2658 decem.
1145 2605 1194 2657 20

222 2707 316 2778 Num
334 2677 407 2774 silio
428 2701 561 2776 videtur
583 2724 727 2773 uxorem
749 2701 853 2773 dare?

221 2823 480 2923 Quem‚inquir,
489 2821 622 2897 vocabo
635 2822 676 2895 ad
687 2847 828 2896 coenam
843 2846 995 2896 meorum
1006 2819 1194 2920 aequalium

221 2944 432 3020 Potissimum
447 2950 557 3018 nunc?
578 2968 612 3018 et
625 2996 636 3031 ,
648 2944 741 3042 quod
760 2944 938 3016 dicendum
956 2944 1011 3018 hic
1030 2944 1105 3030 sret,

220 3069 278 3142 Tu
296 3091 434 3166 quoque
459 3091 619 3164 perparce
639 3065 792 3136 nimium.
815 3088 886 3137 non
910 3064 1020 3137 laudo.
1047 3074 1084 3141 S.
1104 3085 1188 3139 tace.

220 3198 271 3266 D.
305 3191 508 3267 commovi.
542 3198 581 3265 S.
610 3213 699 3290 eg0,
735 3187 856 3263 isthaec
890 3190 980 3264 rede
1013 3213 1051 3266 ut
1085 3190 1191 3279 siant,
1234 3186 1237 3192 ’

237 3308 238 3311 “
390 3314 525 3391 videro.
1143 3333 1185 3409 25

257 3517 271 3559 1
283 3499 358 3560 Mire
369 3499 414 3559 liic
428 3499 512 3559 uritur
526 3497 618 3559 verbis
629 3482 674 3559 se·-
731 3515 880 3580 quaerere,
896 3493 962 3576 quid
973 3491 1145 3575 respondeat:
1158 3497 1191 3556 δι

216 3592 269 3655 nis.
286 3615 318 3652 v.
339 3592 415 3673 supra
435 3592 463 3666 l,
480 3615 514 3669 2,
536 3594 581 3655 18.
733 3591 859 3673 adquam
871 3587 980 3650 causam
991 3587 1100 3648 derivet
1111 3609 1191 3648 aver-

185 3684 187 3689 ’
254 3676 377 3743 2llaliet
392 3684 436 3743 hic
448 3684 541 3744 versus
550 3684 672 3767 lepidum
730 3683 758 3745 sa
781 3681 928 3764 suspicione
953 3679 1086 3742 tristitiam
1104 3678 1190 3741 Parn-

211 3778 328 3848 iocnm,
346 3769 409 3858 quia
431 3778 505 3858 quod
529 3778 607 3839 Simo
636 3779 670 3838 de
730 3777 816 3860 phili,
835 3796 918 3857 quarn
937 3772 1134 3835 animadvertit
1146 3773 1191 3834 se-

210 3871 372 3934 Philumena
400 3872 542 3954 intelligit,
570 3872 673 3933 Davus
731 3893 793 3932 nex.
824 3869 878 3930 Sed
895 3867 984 3930 sorsan
1001 3867 1037 3929 src
1051 3870 1191 3953 tergiver-

210 3966 245 4028 de
270 3967 409 4049 Glycerio
435 3966 563 4038 dicebam
583 3987 671 4048 neque
731 3966 821 4040 satur,
839 3983 869 4024 ut
882 3963 927 4038 id,
945 3961 1020 4044 quod
1037 3961 1110 4042 quasi
1131 3961 1192 4021 irri-

208 4059 284 4122 aliter
300 4060 464 4142 speclatores
480 4059 633 4140 capiebant.
731 4061 799 4120 dens
816 4059 870 4119 seni
886 4058 976 4118 dicere
991 4054 1069 4138 gestit
1077 4103 1087 4129 ‚
1099 4054 1189 4127 Simo,

251 4140 327 4230 3'int.
344 4151 488 4225 subtristis;
500 4150 534 4210 al.
541 4155 595 4233 sed
608 4153 641 4234 est
649 4198 660 4224 ‚
726 4172 811 4233 quem
826 4148 963 4209 curiosum
982 4148 1100 4221 lecerat,
1121 4145 1191 4209 iuslu

206 4234 272 4324 (ob)
287 4249 358 4326 quod
369 4249 522 4329 siccensem
543 4248 603 4308 tibi.
728 4245 777 4309 suo
797 4245 824 4306 se
844 4244 996 4326 expressisse
1012 4246 1116 4310 credat.

262 4353 283 4408 4
311 4337 430 4401 Videtur
458 4339 561 4404 Davus
592 4360 665 4400 nunc
770 4357 784 4420 5
807 4336 854 4403 Al.
874 4339 991 4401 subdunt
1004 4340 1047 4421 ess.
