2809 5234
216 762 283 837 182
447 763 505 835 ·P.
553 758 943 837 TERENTii

358 950 563 1023 Acws
603 948 646 1020 V.
689 948 895 1021 SCENA
943 948 1031 1024 xl.

210 1109 851 1202 PHAEDR1A,cHAEREA,
876 1110 1209 1209 rnnnnuo,'

409 1247 684 1339 cnnrno,
720 1247 977 1326 rnnnso,

308 1467 373 1543 rt
382 1371 509 1544 Dli
530 1463 675 1541 vostram
702 1462 826 1557 fidem,
850 1463 1058 1545 incredibilia

211 1595 375 1666 Parmeno
393 1589 498 1663 modo
520 1612 606 1687 quae
631 1589 779 1671 narravit
800 1605 823 1666 ¹.
842 1591 897 1665 sed
912 1591 971 1665 ubi
983 1590 1181 1672 estfrater?

383 1718 420 1788 C.
444 1711 574 1810 praesto
596 1712 697 1787 adest.
717 1716 780 1785 ΡΙι.
795 1714 937 1812 gaudeo.

212 1846 246 1916 C.
272 1839 356 1915 Satis
378 1838 494 1915 credo.
529 1836 610 1912 nihil
638 1835 686 1911 est
711 1836 840 1913 unire
864 1838 949 1929 hnc,
974 1838 1097 1935 frater,
1119 1860 1178 1919 tur

381 1963 537 2062 dignito,

212 2087 322 2182 Quod
336 2108 484 2161 ametur:
501 2086 547 2159 ita
565 2080 696 2158 nostrae
710 2082 807 2160 omni
824 2083 875 2162 est
890 2085 1013 2161 nutrix
1025 2086 1180 2167 familiae.

382 2213 447 2284 Ph.
470 2208 553 2299 hui,

197 2333 298 2405 Mihi
310 2333 399 2407 illam
413 2332 525 2404 laudas
542 2337 580 2402 ²?
597 2332 634 2404 T.
648 2327 755 2426 perii,
768 2345 896 2428 quanto
910 2329 1016 2407 m'mu'
1028 2331 1178 2431 speiest,

230 2509 234 2516 .
378 2472 473 2528 tanto
494 2456 598 2554 magis
619 2479 698 2529 amo
717 2469 742 2528 ³.
1153 2480 1175 2559 ς

211 2574 384 2670 Obsecro,
398 2579 557 2669 Gnatho,
570 2578 649 2654 inte
663 2581 735 2679 spes
747 2576 805 2654 en
822 2580 867 2653 G.
878 2576 962 2676 quid
971 2577 1179 2658 visiaciami

383 2706 422 2777 Τ.
442 2701 565 2801 perfice
586 2702 654 2784 hoc

210 2823 386 2917 Precibus,
406 2827 539 2924 pretio,
552 2847 590 2902 ut
612 2828 790 2916 haeream,
804 2826 840 2899 in
856 2847 948 2925 parte
969 2825 1079 2927 alique
1099 2843 1179 2903 tan·

380 2951 477 3043 dem,
503 2952 590 3049 apud
608 2952 784 3028 Thaidem.

214 3075 258 3150 G.
278 3073 428 3151 Difficile
446 3073 504 3149 est.
532 3079 571 3148 T.
582 3073 607 3148 fi
618 3075 701 3173 quid
716 3073 880 3151 conlibuit
892 3126 904 3167 ‚
917 3072 1003 3150 novi
1015 3092 1049 3149 te
1064 3089 1092 3147 ⁴·
1104 3074 1178 3155 boe

377 3199 402 3272 fi
418 3197 591 3285 effeceris,

209 3320 369 3417 Quodvis
390 3324 546 3410 donum,
567 3322 752 3419 praemium
775 3346 866 3400 atne
887 3337 1030 3422 optatos
1053 3319 1090 3398 id
1113 3347 1180 3427 op·

378 3463 485 3519 tatum
510 3444 606 3519 feres.

252 3624 266 3664 1
290 3600 395 3687 Ellipiis
413 3606 513 3666 mirum
528 3621 661 3688 quantum
720 3602 925 3687 liquantuium,
952 3602 980 3666 se
1008 3600 1174 3667 intermedio

207 3696 370 3770 affedti3int.
376 3701 477 3778 gaudeo
486 3725 499 3775 ,·
509 3700 586 3781 quod
602 3698 658 3761 ira·
718 3696 1198 3780 Gnathonerecipipoiiezffiaee·

205 3797 240 3856 tri
258 3792 322 3854 dein
343 3790 417 3852 dicit.
718 3793 777 3875 spes
793 3789 1176 3876 ipsrestapecuniaeporen·

246 3911 264 3951 2
280 3885 343 3949 scil.
361 3904 432 3967 qnae
450 3883 500 3945 nist
517 3904 574 3949 ram
594 3889 655 3949 inu·
716 3890 762 3951 tia.
777 3885 810 3947 ln
828 3907 864 3948 eo
875 3885 986 3967 qnidern
1000 3905 1088 3968 aeque
1105 3885 1175 3968 sapit

204 3981 268 4043 dan
293 3976 345 4052 srt,
362 3995 506 4057 tantopere
529 3978 655 4062 profeiio
715 3998 748 4038 ac
769 3974 920 4039 stultusest.
940 3974 1077 4059 Eripiunt
1093 3974 1172 4041 Gna·

206 4090 261 4131 non
277 4094 352 4132 arne
366 4087 482 4132 ametrn.
716 4070 832 4132 tironem
844 4070 970 4150 praemiis
983 4068 1068 4130 elicit.

248 4180 263 4240 3
282 4162 301 4226 s.
314 4164 390 4245 quod
406 4164 460 4246 spei
472 4160 599 4236 decedit,
613 4184 659 4224 ac·
761 4182 782 4242 4
798 4163 847 4223 int.
863 4160 892 4222 id
912 4160 1081 4230 effeiiuwn·

208 4251 388 4321 ceditarnori.
403 4258 502 4341 Sperat
512 4274 605 4319 tamen
625 4275 658 4315 a·
1116 4258 1123 4265 '
