2809 5234
224 785 295 883 368

266 1082 352 1154 AD
396 1084 773 1155 FIRMANDAM
815 1083 1209 1157 LECTIONEM

424 1238 426 1243 ·
488 1206 936 1279 TERENTIANAM

419 1553 513 1628 ΑΙ)
563 1552 992 1627 ADELPHOS.

220 1649 355 1823 PAg.
378 1731 473 1824 plin.
501 1753 529 1821 3.
548 1729 611 1799 Ed.
631 1753 730 1800 anon.
747 1755 797 1819 ap.
816 1728 981 1802 Westerh.
1012 1751 1055 1802 et
1078 1736 1136 1806 ed.
1157 1764 1220 1809 no-

154 1823 156 1826 ’
221 1825 285 1894 stra
300 1851 327 1892 c.
348 1824 430 1915 figg.
445 1823 565 1892 habent
576 1828 667 1912 facite
686 1847 719 1890 ut
735 1831 821 1912 vestra
836 1831 994 1909 aequam.
1023 1825 1099 1898 Sed
1116 1835 1220 1903 verba

219 1941 254 2009 με
269 1924 353 2004 vestra
369 1917 399 1983 h.
425 1917 446 1987 l.
473 1939 541 1984 non
562 1923 636 1986 lunt
658 1943 677 1985 a
711 1913 821 1986 Codd.
853 1915 1060 1989 melioribus
1068 1971 1079 2004 ,
1102 1945 1143 1993 et
1169 1950 1218 1994 re·

220 2028 371 2103 pugnant
386 2006 503 2078 versui.

269 2104 324 2168 lin.
344 2125 375 2185 4.
400 2099 515 2192 Quod*
529 2097 687 2169 defiderat
710 2098 803 2169 Don.
826 2104 911 2187 vestra
939 2119 1023 2171 ante
1047 2119 1212 2194 aequarunt.

221 2189 306 2261 illud
328 2193 402 2260 huic
423 2191 532 2262 versui
548 2217 624 2260 cum
643 2195 717 2260 aliis
737 2192 902 2273 addimuS,
920 2210 957 2258 ut
978 2197 1124 2268 constet
1142 2192 1212 2271 uer·

207 2281 295 2361 'sus,
310 2288 368 2373 qui
393 2282 458 2353 stne
484 2308 527 2353 eo
543 2285 686 2354 vacillat.
713 2281 871 2353 Dacieria
893 2307 1034 2371 quoque
1063 2289 1108 2359 stc
1142 2295 1211 2362 edi·

221 2376 281 2444 dit.
297 2375 406 2447 Bentl.
425 2400 506 2447 vero
529 2378 698 2467 integrum
718 2376 868 2462 versum,
894 2400 959 2464 quo
985 2376 1096 2452 facile
1119 2410 1209 2456 tare·

219 2490 317 2551 mus,
338 2467 552 2549 subiiciendo,
568 2472 698 2537 inanem
716 2493 850 2558 operam
871 2467 965 2542 ludit.

266 2585 297 2645 p.
323 2582 363 2628 10
388 2561 444 2630 lin.
479 2583 495 2651 3
523 2584 670 2647 arquearr.
696 2565 752 2646 obst
785 2557 839 2628 Sic
869 2559 1020 2630 vetustus
1056 2569 1206 2659 quisque

219 2646 365 2738 Codap.
375 2650 490 2723 Faern.
502 2673 536 2723 et
549 2651 658 2722 Bentl.
668 2671 702 2721 et
713 2652 764 2721 ed.
777 2651 883 2720 nostra
893 2679 920 2720 c.
931 2653 1014 2743 figg.
1028 2657 1115 2727 Alii
1130 2689 1205 2732 cum

219 2738 360 2812 Donato
389 2765 424 2812 et
444 2745 475 2813 h.
493 2743 514 2813 l.
545 2745 649 2816 edunt
666 2770 725 2811 aur.
748 2744 813 2815 Sed
832 2743 914 2812 nihil
935 2748 969 2811 iu
998 2771 1044 2815 eo
1071 2752 1127 2822 est
1151 2757 1203 2823 di·

218 2833 299 2904 versa
321 2836 362 2905 ab
385 2837 523 2905 amando
540 2836 562 2903 l.
588 2837 744 2925 potando.

264 2927 321 2996 liu.
337 2954 349 2996 1
381 2927 516 3023 .Vulg0
531 2927 738 3021 distinguunt
748 2936 893 2995 illecorttra
902 2935 985 3002 ,laet
999 2944 1114 3003 omnia.
1132 2935 1202 3007 Sed

216 3045 249 3093 v.
264 3019 323 3090 Ph.
335 2952 395 3101 Ill,
410 3044 448 3112 5,
470 3030 521 3113 36.
537 3026 647 3091 verius
661 3072 672 3105 ‚
688 3021 778 3111 quod
793 3045 867 3089 cum
884 3017 993 3088 Bentl.
1008 3022 1201 3114 sequimur.

264 3114 322 3180 lin.
347 3114 397 3182 18.
412 3124 484 3181 Ruri
505 3141 582 3204 agere
597 3120 702 3202 semper
727 3123 824 3181 vitam.
839 3109 892 3181 Sic
907 3134 995 3181 certe
1019 3119 1074 3185 ed.
1097 3148 1201 3192 anon.

216 3229 266 3292 ap.
292 3205 453 3279 Westerh.
474 3205 636 3293 vetusque
662 3205 713 3274 ed.
735 3205 842 3274 nostra
865 3229 938 3273 curn
956 3205 1038 3294 figg.
1070 3217 1201 3285 melius

215 3322 315 3384 quam
334 3299 426 3388 vulg.
449 3307 505 3363 ruri
527 3324 603 3385 agere
617 3308 706 3364 vitam
723 3305 845 3387 :semper
860 3325 961 3387 parte,
977 3304 1029 3365 tac.
1055 3315 1094 3363 To
1124 3313 1200 3392 sm.

209 3417 261 3478 per
276 3392 363 3458 enim
379 3388 470 3460 addit
485 3389 618 3457 diuioni
639 3389 672 3455 id
688 3390 778 3478 quod
796 3389 925 3458 urbanis
941 3389 1076 3460 viderur
1097 3400 1198 3467 odio·

213 3479 294 3549 sum.
324 3478 484 3550 Similiter
513 3479 596 3548 infra
623 3479 679 3563 V,
707 3506 746 3565 2,
770 3506 791 3572 9
820 3488 872 3550 llle
891 3486 971 3566 fitam
995 3486 1107 3573 semper
1141 3502 1199 3582 egit

212 3599 301 3639 Wltlm
322 3602 351 3638 m
366 3599 434 3650 0110,
451 3603 481 3642 m
504 3602 655 3640 COHVWHS.

257 3692 289 3752 p.
314 3689 350 3732 11
379 3667 436 3739 lin.
458 3691 508 3736 ιο.
531 3671 693 3752 Infireverr't.
711 3662 764 3734 Sic
783 3664 894 3757 plures
920 3662 1029 3735 Codd.
1054 3689 1090 3738 et
1104 3675 1196 3759 pris-

210 3777 268 3824 cae
288 3756 360 3824 edd.
388 3768 488 3827 etlam
511 3759 641 3844 nostra,
667 3759 812 3846 habent3
828 3759 1045 3854 defenditque
1067 3761 1195 3839 Boecl.

209 3847 284 3916 Alii
299 3855 426 3936 infirevit.
439 3851 509 3941 Ap.
526 3851 683 3921 Martian.
699 3851 875 3944 Capellam
885 3876 960 3941 pag.
978 3857 1040 3916 160
1057 3862 1196 3941 institue·

209 3947 257 4011 rie.
271 3940 381 4010 Bentl.
405 3967 484 4012 veto
514 3970 556 4012 ex
574 3947 711 4034 ingenio
735 3945 900 4013 substituit
920 3953 961 4009 ira
983 3950 1026 4007 uu·
1039 3952 1088 4027 fir.
1106 3948 1194 4020 scil,

207 4055 273 4102 non
298 4033 460 4126 intelligit
481 4036 682 4105 connubium
707 4035 811 4106 futuri
832 4036 969 4124 perfecti
998 4053 1032 4102 et
1055 4039 1193 4129 imper-

206 4121 284 4193 feffi
319 4133 487 4212 insueverit,
504 4152 554 4194 aut
588 4136 727 4210 audebit,
751 4152 793 4196 ex
814 4127 881 4214 ipsu
903 4151 937 4196 re
964 4146 1107 4215 natum,
1136 4146 1191 4223 qui

206 4225 254 4283 uel
274 4225 339 4286 olim
362 4225 534 4305 insueverit,
556 4227 603 4289 vel
623 4229 741 4309 prinum
759 4229 878 4286 audebit.

247 4310 325 4381 ibid.
355 4337 404 4381 aut
438 4321 556 4384 audebit.
587 4311 700 4386 Verba
726 4336 777 4381 aut
809 4317 919 4378 audebit
944 4334 962 4379 a
985 4309 1191 4400 quibusdam
