2809 5234
789 800 1680 940 ··'A·D,E1..PH1.·
1849 836 1853 841 ⁶
2128 865 2282 952 '109'

339 1028 543 1102 Pater
580 1017 1003 1122 lepidiffime.
1041 1025 1145 1094 D.
1182 1044 1396 1118 euge,
1435 1019 1571 1093 iam
1604 1013 1873 1114 lepidus}
1908 1038 2164 1090 vocor.

343 1150 559 1224 fratri
610 1146 812 1221 aedes
852 1145 1020 1219 fient
1073 1143 1355 1240 perviae
1390 1168 1410 1213 ε
1455 1140 1728 1213 turbam
1785 1139 2076 1210 domum

345 1246 744 1361 Adducet.
775 1267 861 1340 ad
923 1264 1272 1364 sumptum
1335 1263 1661 1337 admittet
1714 1262 1934 1335 multa
1985 1281 2004 1313 ¹
2045 1285 2064 1332 ε
2110 1259 2279 1361 quid

744 1391 957 1464 mea?
1701 1410 1708 1419 ·
1794 1440 1799 1445 -
2190 1405 2285 1484 ις,

342 1524 496 1618 Ego
528 1518 799 1616 lepidus
835 1516 998 1589 ineo
1040 1515 1365 1614 gratiam,
1400 1534 1429 1567 ²
1473 1512 1595 1586 ubi
1641 1538 1826 1587 nunc
1877 1511 2048 1585 item

351 1644 778 1717 Dinumeret
816 1640 933 1713 ille
976 1638 1243 1738 Babylo
1298 1637 1550 1736 viginti
1598 1637 1835 1710 minas.

348 1770 524 1866 Syre
559 1821 584 1861 ,
629 1765 851 1842 celsas
905 1767 1007 1839 ire
1028 1818 1053 1857 ‚
1102 1789 1184 1840 ac
1228 1761 1456 1838 facere
1491 1767 1518 1839 ?
1563 1769 1635 1836 S.
1681 1762 1849 1863 quid
1891 1787 2060 1862 ergo
2098 1765 2134 1833 ’ἓ
2173 1766 2283 1838 D.

730 1891 927 1963 dirue
971 1907 992 1951 ³
1033 1915 1054 1963 τ

351 2012 464 2083 Tu
503 2008 664 2083 illac
698 2027 732 2072 ⁴
780 2008 892 2081 abi
943 2024 1014 2080 et
1055 2005 1366 2079 traduce.
1425 2006 1511 2076 G.
1564 2002 1634 2075 di
1679 2002 1802 2077 tibi
1833 2057 1856 2094 ,
1896 2006 2220 2101 Demea,¹

352 2139 538 2210 Bene
588 2133 840 2209 faciant
873 2189 901 2225 ,
936 2156 1096 2211 cum
1140 2149 1213 2204 te
1254 2131 1466 2205 video
1512 2127 1781 2204 nostrae
1816 2128 2110 2205 familiae
2191 2156 2288 2207 ιο

348 2260 527 2334 Tam
567 2285 653 2333 ex
679 2259 915 2331 animo
957 2255 1213 2331 faaum
1252 2253 1460 2331 velle.
1490 2257 1593 2328 D.
1624 2253 1868 2350 dignos
1895 2253 2194 2329 arbitror
2232 2273 2285 2332 5.

445 2481 470 2520 ι
534 2460 593 2520 h.
634 2482 686 2521 e.
742 2458 921 2522 multa
961 2461 1240 2542 patietur,
1402 2480 1504 2519 nas
1539 2459 1602 2518 in
1643 2450 2288 2540 sumptus'dinumerare

358 2585 504 2649 quae
552 2565 629 2627 ad
668 2563 957 2646 sumptum
998 2564 1120 2624 fint.
1404 2584 1574 2649 queat
1614 2563 1715 2624 ille
1764 2566 2013 2646 Babylo,
2052 2569 2115 2628 h.-
2150 2590 2199 2629 e.
2241 2568 2286 2631 l.

442 2695 474 2731 2
496 2670 677 2754 Vulg.
705 2673 822 2731 iube
849 2692 987 2730 nunc
1007 2671 1112 2729 iam
1130 2671 1230 2730 ἃς.
1395 2668 1591 2730 stultus
1609 2713 1628 2742 ‚
1655 2667 1696 2729 l.
1724 2669 1882 2728 dives
1931 2678 1983 2729 &
2021 2669 2289 2751 profusus

359 2776 518 2849 (vid.
537 2777 599 2835 in
616 2775 754 2852 fine)
780 2776 841 2833 in
864 2794 980 2857 quo
1002 2770 1234 2832 haerent
1306 2838 1342 2855 ᾗ
1399 2771 1584 2833 homo
1613 2817 1631 2846 ‚
1674 2793 1734 2831 ut
1782 2792 2080 2852 exponunt
2125 2773 2288 2834 Don.

363 2905 566 2943 omnes
633 2883 1001 2961 interpretes.
1100 2879 1240 2939 No-
1337 2860 1345 2867 ⁴
1404 2880 1583 2962 Eugr.
1617 2888 1671 2940 &
1702 2880 1897 2940 Schol.
1939 2880 2010 2939 ad
2037 2881 2289 2944 Iuvenal-

364 2994 474 3052 stra
509 3013 577 3050 ex
631 2989 884 3050 lefflone
934 2988 1099 3048 senex
1145 2987 1247 3047 fibi
1411 2989 1536 3061 111,
1592 3007 1716 3048 221.
1756 2986 1798 3048 s.
1835 2989 1990 3070 quod
2036 2986 2291 3068 sumptus

366 3095 675 3178 gratulatur
715 3099 784 3156 de
821 3100 1034 3177 gratia,
1082 3119 1253 3179 quam
1414 3095 1611 3157 fecerit
1665 3098 1728 3156 in
1793 3095 2096 3175 prandium
2127 3141 2140 3167 ,
2199 3097 2292 3154 cui

364 3201 851 3274 ineat‚ubifimul
889 3201 1117 3263 fratrem
1148 3202 1243 3263 ul-
1404 3205 1674 3265 intererat
1725 3201 1988 3284 psaltria3
2032 3201 2102 3262 cf.
2129 3201 2291 3264 Curt-

367 3299 590 3362 eiscitur
615 3304 829 3375 obistas
849 3308 1247 3389 29minaspro
1413 3307 1496 3382 V,
1525 3330 1689 3386 1-,-37
1736 3317 1790 3369 &
1844 3320 1985 3393 quae
2029 3328 2295 3369 notamus

366 3403 617 3487 psaltria.
659 3405 728 3469 cf.
775 3409 896 3483 ΙΙΙ,
929 3434 1001 3486 4,
1039 3417 1166 3472 1--8
1194 3421 1249 3473 81:
1414 3411 1565 3474 infra
1601 3413 1672 3472 acl
1719 3410 1790 3474 se.
1832 3435 1888 3484 7.

368 3513 494 3588 IV,
532 3538 606 3592 7,
657 3542 733 3595 24
773 3519 857 3604 sq.
898 3519 1049 3582 Cum
1088 3522 1245 3581 enim
1498 3544 1523 3600 3
1589 3521 1740 3581 Cum
1795 3521 1956 3582 vultu
2017 3523 2162 3584 serio
2209 3525 2295 3586 iu-

369 3621 790 3704 Demeaipsam
813 3624 1099 3705 psaltriam
1118 3647 1248 3686 cum
1411 3625 1600 3685 bentis
1655 3627 1809 3685 dicit.
1855 3627 2011 3716 IJein
2059 3629 2130 3690 ad
2159 3628 2295 3689 Ge·-

373 3724 496 3784 filio
537 3728 673 3786 hinc
710 3730 1021 3788 abstrahere
1050 3730 1253 3803 vellet,
1420 3751 1537 3792 tam
1609 3732 1931 3793 conversus.
2007 3736 2294 3799 Laconica

367 3850 545 3914 atque
612 3831 682 3891 fic
726 3856 801 3892 20
862 3837 1044 3895 minas
1093 3835 1253 3896 fratri
1416 3860 1553 3898 vero
1599 3841 1841 3920 imperat
1881 3844 2152 3930 dicitque.

375 3936 694 3996 redditurus
732 3931 864 3997 effer
890 3982 908 4012 ,
938 3939 1093 4021 quod
1121 3940 1254 3999 dein
1497 3966 1537 4014 4
1575 3941 1686 4000 Int.
1731 3964 1843 4026 qua
1879 3947 2052 4028 Syrus
2077 3953 2307 4028 aperiet

374 4046 725 4119 videbimus,
765 4044 1001 4106 laetatur
1058 4051 1254 4129 (quo-
1421 4048 1572 4109 viam
1606 4070 1706 4127 per
1739 4050 1986 4127 hortum.
2030 4055 2172 4113 Mox
2197 4058 2301 4119 hac„

373 4152 555 4210 modo
571 4149 889 4209 Micionem
902 4147 1111 4211 laetum
1128 4146 1259 4209 fuis·
1417 4172 1514 4231 per
1544 4151 1705 4220 viam,

381 4252 435 4315 se
470 4255 789 4335 audiverat)
832 4251 887 4313 se
921 4254 1069 4314 viam
1094 4256 1260 4313 inve-
1509 4276 1535 4329 ς
1587 4253 1723 4314 Hoc
1747 4253 1931 4315 Getae
1955 4256 2297 4338 respondet3

385 4352 519 4419 nisse
535 4403 555 4435 ,
581 4360 678 4421 ubi
712 4361 900 4434 denuo
923 4361 1131 4446 viginti
1151 4361 1257 4421 mi-
1424 4361 1558 4425 dein
1596 4357 1668 4422 ad
1706 4357 1888 4420 filium
1914 4359 1972 4425 se
1997 4366 2295 4461 convertit?
