2809 5234
262 806 330 922 tit
507 846 977 922 urruaurrr

163 1070 168 1078 .
236 1080 238 1085 ,
260 1012 299 1084 T.
310 1007 439 1083 Tamen
452 1007 579 1106 fipater
599 1021 622 1081 ¹.
632 1012 665 1082 C.
676 1007 784 1106 quid?
797 1011 839 1081 ah
853 1009 965 1099 volet,
978 1024 1073 1084 certo
1086 1008 1178 1107 scio,
1193 1039 1246 1117 50

257 1132 352 1206 Civis
365 1132 471 1206 modo
490 1133 572 1206 haec
586 1130 634 1205 stt.
654 1135 690 1206 T.
706 1133 871 1230 paululum
891 1134 1079 1231 opperirier

256 1257 288 1330 Si
311 1256 385 1345 νὶε,
404 1256 469 1329 iam
494 1255 595 1329 frater
617 1254 687 1354 ipse
708 1256 763 1330 hic
781 1255 885 1328 aderit
907 1257 1068 1355 virginis:

257 1378 431 1455 Nutricem
454 1379 641 1454 arcessitum
659 1379 716 1468 iit,
733 1405 817 1479 quae
833 1380 921 1455 iliam
935 1381 1013 1454 aluit
1026 1383 1241 1477 parvolam

257 1508 295 1577 ln
319 1501 555 1603 cognoscendo
579 1516 649 1576 tute
669 1503 738 1601 ipse
761 1504 888 1594 aderis,
910 1503 1071 1578 Chaerea.
1090 1484 1093 1523 ³

261 1633 297 1703 C.
313 1633 385 1728 Ego
397 1651 484 1700 vero
499 1651 631 1701 maneo.
646 1630 684 1700 T.
699 1625 791 1702 visne
805 1626 944 1715 interea,
958 1629 1037 1701 dum
1051 1630 1167 1724 venir,
1187 1659 1234 1738 55
1262 1659 1276 1683 ν

257 1738 367 1826 Domi
382 1750 598 1851 opperiamur
611 1751 744 1849 potius,
758 1776 858 1850 quam
871 1753 925 1826 hic
939 1775 1015 1826 ante
1029 1751 1182 1831 ostium?

259 1880 294 1952 C.
312 1881 421 1951 lmmo
445 1874 617 1974 percupio.
644 1879 685 1950 P.
711 1901 811 1975 quam
834 1894 871 1950 tu
891 1901 962 1949 rem
981 1879 1112 1969 astrata,
1126 1881 1242 1962 obse«

429 2026 489 2077 cro
500 2055 514 2092 ,
539 1998 605 2074 esi

219 2152 223 2160 ¹
257 2127 298 2197 T.
309 2125 395 2199 Nam
408 2126 490 2227 quid
502 2124 570 2200 ira?
586 2128 627 2198 P.
641 2123 786 2224 rogitas?
799 2124 934 2196 hunctu
945 2119 979 2193 in
991 2122 1088 2196 aeder
1096 2122 1234 2224 cogitas

257 2247 421 2349 Recipere
435 2248 572 2348 posthac
588 2263 602 2297 ²
616 2255 630 2322 ?
646 2251 684 2323 T.
701 2273 761 2322 cur
774 2247 868 2321 noni
886 2249 927 2319 P.
938 2245 1037 2352 crede
1051 2245 1118 2322 hoc
1131 2272 1232 2329 meae
1258 2318 1262 2328 .

431 2372 512 2445 fidei
530 2387 567 2464 ³,

128 2584 131 2591 ¹
257 2485 365 2564 Dabit
383 2492 438 2568 hic
459 2495 600 2592 aliquam
623 2520 770 2596 pugnam
795 2493 908 2568 denuo
932 2509 960 2572 4.
975 2499 1025 2571 7.
1046 2520 1106 2590 au,
1126 2516 1229 2589 tace,

429 2600 581 2691 olisecro.
1175 2622 1229 2700 60

235 2841 237 2844 Ι
258 2740 298 2808 P.
312 2738 430 2810 Parum
445 2742 601 2840 perspexe
617 2741 687 2818 ei'us
701 2743 818 2817 videre
831 2738 1015 2814 audaciam.

257 2864 292 2932 C.
304 2863 382 2933 Non
396 2862 526 2954 faciam,
542 2866 684 2965 Pythias.
698 2870 740 2940 P.
753 2890 822 2938 non
835 2865 906 2963 pol,
923 2865 1047 2952 credo,
1061 2863 1229 2963 Chaerea,

255 2984 326 3056 Nisi
342 2984 365 3057 fi
379 2988 587 3061 commissum
602 3013 672 3062 non
685 2988 749 3063 erit
766 3003 790 3061 5.
817 2981 965 3085 Ciquin,
979 2980 1134 3087 Pythia,

255 3106 311 3182 Tu
332 3135 387 3186 me
411 3110 544 3185 servato
561 3114 588 3185 ⁶.
613 3117 651 3185 P.
674 3136 781 3211 neque
805 3112 863 3211 pol
884 3112 1079 3185 servandum
1105 3111 1168 3189 tibi

255 3234 451 3335 Quidquam
463 3238 544 3309 dare
556 3235 670 3324 aufim,
684 3215 792 3336 neque
805 3255 838 3310 te
850 3235 996 3310 servare:
1009 3259 1112 3332 apage
1121 3252 1164 3309 te.
1174 3239 1220 3338 65

250 3343 297 3430 Y.
311 3361 452 3456 Optime
466 3359 555 3433 adest
569 3358 637 3458 ipse
652 3357 762 3433 frater.
783 3362 816 3434 C.
830 3357 913 3457 perii
927 3358 1057 3434 hercle:
1079 3356 1223 3434 obsecro

248 3467 423 3554 hbeamus
440 3482 555 3574 intro,
570 3483 695 3558 Thais:
718 3484 799 3557 nolo
817 3508 871 3557 me
883 3482 918 3557 in
935 3483 993 3558 'via

250 3601 343 3674 Cum
359 3602 420 3679 hac
439 3605 529 3681 veste
544 3607 664 3683 videat.
692 3611 732 3680 T.
754 3609 973 3709 quamobrem
996 3605 1156 3682 tandem?
1177 3630 1222 3682 an

421 3730 500 3826 quia
525 3730 654 3829 pudet?

291 3957 305 4001 1
321 3937 370 4031 int.
386 3959 442 4001 non
457 3940 544 4006 volet.
801 3967 823 4022 4
848 3943 936 4030 Supra
951 3942 1017 4019 lv,
1035 3963 1074 4030 3,
1094 3965 1125 4007 η
1149 3930 1217 4028 quas

208 4031 210 4035 ’
291 4031 348 4095 ala
363 4053 386 4096 e.
403 4033 528 4118 postea,
544 4059 614 4121 quae
632 4035 703 4101 satta
763 4041 946 4121 turbasdedit.

247 4126 317 4191 sunt.
806 4153 820 4215 5
841 4135 890 4196 int.
907 4133 1058 4217 quidquam
1076 4132 1219 4199 facinoris.

290 4239 305 4300 3
321 4220 453 4289 hemihi
462 4248 563 4313 ,quam
570 4250 700 4294 veracem
801 4214 1003 4294 ocomtce'hoc'
1011 4232 1076 4292 dicit
1081 4228 1216 4314 gamalae,

246 4312 327 4376 nosti
454 4413 456 4417 y
686 4356 689 4367 ·
761 4345 846 4408 etque
856 4328 1008 4411 puellariter
1017 4328 1174 4414 respondet.
