2809 5234
641 914 2064 995 HEAuToNTfflORUMENOS.
2211 942 2347 1020 303

427 1084 671 1159 Facere
703 1083 961 1181 puduit.
1009 1084 1105 1156 CL
1148 1082 1358 1174 eheu,
1398 1104 1599 1180 quam
1630 1102 1772 1179 ego
1808 1105 1987 1156 nunc
2025 1097 2202 1154 totus
2222 1080 2355 1154 ‹lis-

770 1208 987 1305 pliceo
1037 1203 1251 1279 mihi!
2266 1228 2360 1293 ao

423 1333 649 1427 Quam
686 1331 894 1430 pudet
928 1346 950 1381 ¹
984 1328 1003 1402 l
1046 1350 1265 1428 neque
1285 1381 1309 1420 ‚
1360 1325 1549 1429 quod
1595 1321 1998 1424 principium
2035 1323 2356 1427 incipiam

625 1557 634 1568 ,
773 1456 859 1528 ad
907 1454 1310 1557 placandum
1341 1464 1371 1500 ²
1392 1503 1418 1544 ,
1467 1449 1627 1524 scio.
2480 1474 2484 1481 ·

676 1683 1088 1752 ACTUS
1170 1680 1256 1761 V.
1341 1677 1758 1750 SCENA
1858 1680 2135 1756 VIII.

529 1866 1106 1942 MENEDEMUS
1130 1918 1155 1957 ,
1218 1865 1649 1939 CHREMES
1669 1913 1694 1953 ,
1779 1864 2272 1958 cummim
2342 1854 2351 1864 '

1050 2006 1744 2082 sosTRATA.

431 2208 532 2277 M.
570 2217 593 2269 3
628 2102 1122 2282 ENimvero
1166 2198 1489 2273 Chremes
1538 2198 1735 2274 nimis
1776 2198 2069 2301 graviter
2117 2196 2370 2276 cruciat

777 2320 1334 2399 adolescentulum
1362 2374 1386 2412 ,

437 2447 785 2546 Nimisque
813 2446 1187 2520 inhumane.
1213 2470 1382 2520 exeo
1409 2468 1575 2546 ergo
1596 2493 1621 2534 ,
1640 2464 1715 2520 ut
1736 2470 1966 2545 pacem
1995 2445 2374 2523 conciliem.

777 2595 824 2644 0
871 2589 1054 2644 tume

439 2691 631 2791 Ipsos
675 2596 901 2771 νὶάεῗ).
970 2696 1082 2768 Ch.
1140 2691 1375 2788 ehem,
1419 2692 1815 2770 Mene-deme
1838 2750 1864 2792 ,
1906 2721 2027 2775 cur
2071 2720 2213 2774 non
2262 2720 2376 2771 ar·

449 2834 454 2839 '
777 2815 931 2895 ceffi
981 2817 1169 2894 iubes
2358 2816 2365 2825 ’

525 3069 551 3111 1
577 3047 795 3124 Pudor,
819 3049 1063 3132 optimus
1085 3046 1348 3132 cupidita·
1466 3071 1582 3115 rem
1593 3051 1819 3114 habebit
1836 3053 2024 3114 locum
2040 3049 2378 3134 ignoscendi.

434 3154 504 3212 tis
537 3150 857 3212 moderator
876 3196 896 3226 ,
945 3150 1346 3214 adolescentem
1552 3171 1582 3234 3
1644 3152 1872 3213 Mened.
1923 3152 2099 3212 homo
2159 3151 2344 3213 rudior
2359 3193 2383 3229 ‚

439 3259 702 3324 defendet
728 3281 764 3320 a
794 3259 1033 3343 flagitiis.
1131 3314 1136 3321 .
1472 3281 1644 3345 quam
1669 3261 1878 3344 sapiens
1896 3306 1919 3334 ,
1961 3259 2054 3321 sed
2090 3260 2382 3343 indulgen-

523 3386 559 3427 α
595 3366 934 3428 Poenitentia
960 3365 1188 3429 accedit.
1222 3364 1344 3428 Iam
1464 3367 1791 3448 tior,quam
1818 3363 2036 3425 severus
2051 3409 2071 3439 ,
2093 3383 2127 3423 a
2147 3384 2263 3444 quo
2282 3367 2384 3427 ini-

436 3473 616 3556 prima
674 3471 858 3558 legum
920 3474 1183 3537 convenit
1209 3518 1232 3546 ,
1284 3475 1345 3533 in
1465 3473 1602 3532 tium
1633 3470 1733 3531 fuit
1765 3469 2014 3545 fabulae,
2041 3469 2189 3531 idern
2209 3468 2384 3534 fineni

440 3601 574 3663 quas
613 3578 867 3665 facillime
902 3579 1161 3642 conficiet
1183 3580 1349 3659 patris
1472 3573 1681 3638 afferet.
1722 3575 1803 3638 Ita
1827 3574 1892 3636 fit
1909 3622 1929 3652 ,
1959 3590 2020 3637 ut
2042 3597 2171 3637 cum
2199 3580 2385 3662 primo

439 3705 653 3766 pacem.
671 3683 866 3744 Restat
882 3687 1042 3745 tertia
1058 3730 1086 3769 ,ι
1105 3683 1353 3764 nuptiae,
1478 3697 1605 3742 ante
1640 3685 1819 3742 amori
1860 3672 2077 3746 Cliniae
2104 3685 2168 3748 &
2204 3687 2385 3749 Anti-

442 3804 585 3866 quae
631 3786 972 3846 securitatem
1019 3785 1352 3848 honestioris
1470 3786 1655 3869 philae
1684 3787 2005 3857 inserviiss'et
2044 3768 2386 3875 Clitiphonis}

353 3954 361 3963 ,
444 3895 592 3955 vitae
622 3891 971 3974 praestarent.
1016 3890 1106 3952 Sic
1132 3893 1377 3989 tandem¹
1479 3893 1650 3955 libido
1668 3940 1691 3968 ,
1718 3895 1897 3957 donec
1946 3900 2003 3959 in
2040 3907 2255 3985 nuptias
2287 3906 2387 3966 ab·

444 4004 628 4066 verius
662 4001 882 4063 eveniet
899 4045 920 4077 ,
940 3998 1096 4081 quod
1126 3992 1378 4081 praedi-¹
1477 3999 1617 4060 iiffet
1646 4038 1689 4073 ,-
1709 4003 1784 4061 ira
1819 4003 1931 4064 iam
1981 4025 2170 4067 novus
2211 4003 2387 4067 affinis

443 4110 521 4169 xit
541 4107 717 4191 Syrus
741 4103 813 4166 sc.
847 4127 904 4182 4.
920 4124 980 4167 v.
1012 4123 1039 4185 3
1065 4102 1131 4164 &
1156 4124 1215 4178 4.
1234 4100 1345 4164 Sed
1468 4090 1769 4184 opituletur
1803 4103 2151 4187 Clitiphoni,
2198 4108 2292 4186 qui
2326 4108 2386 4166 in

442 4218 772 4299 principium
800 4214 871 4275 ad
904 4211 1234 4297 placandum
1250 4214 1357 4273 erit
1480 4214 1698 4294 nuptias
1729 4212 1980 4274 honestas
2011 4214 2386 4298 adducendu33

442 4320 515 4380 ab
555 4321 800 4381 adventu
835 4317 1193 4395 Menedemi,
1237 4339 1353 4401 quo
1476 4317 1654 4379 rursus
1717 4336 1932 4400 patrem
1977 4323 2222 4386 inveniet
2270 4323 2384 4402 bo'q

446 4424 818 4490 intercedente
840 4424 980 4494 Chr.
1005 4427 1358 4493 commodio-
1478 4447 1614 4491 num
1646 4427 1711 4491 ὅ(
1746 4427 2066 4494 humanum.
