2809 5234
467 881 875 974 A'D'arrrw
1073 904 1162 995 1133

106 1063 109 1079 '
171 1036 285 1156 liianr,¹
305 1083 410 1163 atque
434 1088 538 1133 annm
561 1060 774 1156 decrepitam
794 1053 996 1128 ducam'lid'
1006 1078 1049 1126 ne
1064 1051 1141 1126 estis
1250 1020 1253 1025 .

370 1183 528 1255 audores
549 1181 665 1254 mihi?

171 1338 234 1407 Ae.
248 1338 313 1407 Fac
327 1360 335 1403 τ
350 1333 491 1428 promiti
512 1357 578 1428 ego
597 1329 674 1403 illis.
692 1332 744 1401 M.
762 1321 919 1424 promisti
941 1323 1085 1394 autern?
1098 1321 1143 1393 de

175 1450 198 1493 χ
360 1473 396 1522 te
417 1452 588 1547 largitor,
614 1473 713 1545 puer.

172 1599 224 1668 D.
240 1598 331 1692 Age,
344 1593 447 1690 quid,
464 1594 487 1661 ti
504 1590 589 1688 quid
603 1607 638 1660 te
655 1588 764 1661 maius
778 1592 883 1663 oret?
899 1589 950 1658 M.
966 1584 1060 1684 quast
1073 1608 1146 1658 non

361 1719 431 1788 hoc
453 1718 492 1786 lit
514 1739 727 1787 maxumum.

172 1860 225 1932 D.
252 1858 309 1930 Da
340 1861 490 1930 veniam.
515 1861 577 1926 Ae.
605 1881 649 1926 ne
674 1878 819 1953 gravere
838 1870 862 1951 ¹.
884 1854 936 1963 D.
962 1849 1037 1942 fac,
1053 1876 1140 1948 pro·

328 1986 330 1988 .
360 2007 471 2075 mitte.
501 2008 552 2074 M.
578 2029 651 2083 non
680 2003 877 2076 omittitis?

172 2152 235 2223 Aa.
251 2151 353 2236 Non3
366 2151 427 2221 nisr
437 2171 473 2220 te
489 2173 643 2222 exorem.
657 2153 709 2222 M.
722 2150 776 2223 vis
791 2149 840 2223 est
858 2151 942 2225 haec
958 2151 1099 2250 quidem
1117 2172 1143 2225 ².

360 2302 413 2370 D.
441 2323 503 2396 age
527 2299 723 2395 prolixet,
751 2299 872 2372 Micio.
1098 2326 1145 2374 20

172 2452 225 2521 M.
250 2448 318 2519 Etsi
339 2448 409 2520 hoc
429 2450 514 2519 milri
536 2474 712 2544 pravum,
734 2446 919 2544 ineptum,
939 2444 1144 2536 absurdunt,

362 2615 467 2692 atque
488 2596 638 2670 alienum
655 2624 675 2671 a
694 2601 770 2674 vita
785 2624 862 2672 mea
878 2617 895 2661 ⁴

173 2746 400 2843 Videtur3l1
433 2771 500 2819 vos
533 2767 716 2844 tantopere
753 2746 838 2822 istuc
868 2746 1004 2840 voltis,
1038 2749 1098 2825 fiat
1117 2767 1143 2825 5.

366 2904 430 2974 Ae.
450 2900 539 2973 bene
565 2898 661 2976 facis.

217 3235 231 3275 1
252 3216 334 3275 Don.
358 3215 479 3295 exponit
501 3234 562 3273 :ne
583 3233 611 3274 te
694 3234 789 3291 verat,
806 3217 858 3278 nisi
874 3219 1001 3300 primum
1015 3222 1138 3281 rationi-

171 3324 317 3385 difficilem
347 3324 514 3404 praebeas;
547 3326 615 3408 quia
697 3325 749 3386 bus
763 3371 772 3400 ‚
791 3349 860 3387 mox
879 3328 980 3387 verbis.

166 3455 272 3516 gravem
294 3432 322 3492 se
341 3432 445 3493 dicitur
461 3437 611 3514 praestare,
737 3456 750 3514 3
770 3432 800 3495 h.
822 3456 847 3495 e.
863 3456 1006 3516 promove
1027 3455 1096 3496 rem.

168 3541 219 3623 qpi
239 3539 268 3597 id
291 3536 373 3598 facile
406 3561 465 3597 non
491 3538 611 3618 praestat
735 3564 755 3612 4
779 3537 915 3614 Pratum,
937 3539 1017 3624 quod
1039 3563 1138 3602 contra

167 3650 201 3709 in
228 3647 391 3718 beneficio,
413 3646 492 3728 quod
510 3648 613 3723 potest.
695 3667 791 3706 mores
806 3649 867 3707 elus
884 3652 982 3709 aetatis
1004 3650 1049 3727 ὗες
1064 3655 1138 3711 irre--

166 3754 261 3834 Igitur
279 3753 349 3809 Ter.
365 3750 411 3808 lua
426 3753 536 3811 ratione
545 3772 612 3808 cor·
690 3775 787 3833 prum,
811 3757 890 3838 quod
917 3776 1028 3836 praeter
1051 3759 1137 3820 finem

153 3852 254 3942 ¹territ'
270 3850 385 3928 nuptias
414 3847 480 3910 illas
506 3846 608 3908 seniles
691 3857 870 3913 matrimonii
886 3856 932 3931 lit3
945 3863 1139 3940 absstrdnmau·

166 3955 342 4025 Menandri,
360 3973 429 4034 qnae
446 3950 609 4026 nescimus,
691 3959 769 4018 tibus
791 3959 964 4038 hominurn3
984 3969 1096 4026 alienum
1117 3990 1135 4025 a

166 4063 303 4126 curclaro
319 4060 430 4121 cuidam
445 4061 610 4121 Dramatur-
692 4068 749 4124 vita
762 4090 832 4141 ntea,
852 4074 901 4154 qui
919 4073 1033 4132 coelebs
1043 4073 1134 4134 adhuc

165 4194 207 4256 go
226 4190 378 4250 tantopere
397 4165 575 4247 displiceant.
691 4173 759 4230 vixi.

180 4332 182 4337 ,
208 4298 224 4333 2
248 4271 417 4334 Intrantibus
440 4275 498 4331 iarn
515 4274 605 4335 cedet.
732 4298 745 4352 5
775 4274 863 4337 Vivet
865 4279 917 4364 js
949 4296 1043 4340 tamen
1067 4283 1130 4361 sabi,

166 4379 273 4463 Neque
292 4401 360 4439 vero
384 4380 435 4440 ille
461 4403 606 4464 repugna·
689 4387 741 4468 qui
756 4382 821 4445 aliis
834 4392 862 4443 δι
876 4386 1014 4449 corneliis
1032 4393 1110 4454 vivit.

223 4489 385 4560 Terentius
424 4493 464 4562 T.
494 4493 542 4564 ll.
906 4497 940 4568 ll
1076 4546 1091 4593 p
1153 4517 1157 4527 “

1149 4632 1268 4810 Ι
