2809 5234
669 848 1654 1004 “tuwucuus

245 1078 256 1089 “
295 1066 382 1136 Et
427 1052 809 1136 collaudavi
850 1044 1206 1152 secundum·
1246 1054 1414 1127 faeta
1456 1048 1524 1126 et
1560 1051 1832 1125 virtutes
1877 1067 2017 1122 tuas
2038 1104 2062 1143 ,

297 1185 683 1283 impetravi.
703 1186 778 1256 T.
797 1183 964 1255 bene
986 1177 1214 1253 fecisti.
1236 1177 1507 1276 gratiam
1530 1177 1746 1287 habeo
1765 1199 2139 1247 maxumam
2180 1190 2228 1252 ¹.

299 1311 664 1409 Nunquam
699 1307 901 1384 etiam
937 1301 1042 1378 fui
1069 1326 1347 1400 usquam
1367 1353 1391 1391 ,
1418 1300 1580 1401 quin
1614 1324 1724 1374 me
1762 1322 1999 1375 omnes
2035 1323 2226 1374 ama-

640 1448 788 1505 rent
826 1428 1206 1529 plurimum.

303 1561 398 1633 G.
422 1555 659 1634 Dixin’
683 1579 815 1653 ego
846 1567 878 1602 ²
906 1549 1102 1630 vobis
1120 1597 1147 1638 ‚
1175 1550 1246 1623 in
1289 1549 1424 1623 hoc
1456 1536 1590 1622 effe
1632 1548 1919 1624 Atticam
1965 1548 2228 1646 eiegan-

638 1680 803 1755 tiam
831 1693 858 1745 3
896 1675 927 1749 ἓ
2127 1693 2220 1769 45

2076 892 2209 985 187

295 1807 427 1879 Ph.
455 1821 489 1870 4
527 1804 645 1878 Nil
674 1817 933 1902 praeter
957 1795 1347 1896 promiffum
1379 1794 1496 1872 est.
1528 1795 1618 1870 ite
1643 1797 1789 1871 hac.
1814 1818 1944 1872 vos
1967 1793 2225 1888 valete,

638 1944 709 2002 et
746 1923 1056 2025 plaudite.

383 2142 408 2184 1
448 2121 736 2185 Gnathoni
765 2117 864 2179 suo
896 2116 1094 2200 gratias
1128 2135 1194 2175 a·

295 2219 376 2301 git
392 2264 415 2294 ,
439 2238 574 2300 quas
599 2217 813 2279 civilius
836 2231 998 2296 agere
1015 2210 1201 2273 decuit

293 2304 587 2369 Phaedriae
602 2309 667 2368 δι
682 2305 796 2369 Ch.
811 2304 967 2366 Tum
987 2301 1060 2362 ad
1078 2300 1200 2362 suas

291 2396 475 2456 laudes
512 2396 654 2457 redit
668 2440 692 2473 ,
733 2393 937 2455 nemini
964 2389 1062 2450 nifi
1098 2389 1198 2450 fibi

293 2480 565 2557 idoneus3
598 2484 800 2544 merito
834 2480 930 2542 suo
964 2480 1194 2569 ⁸eluden-

294 2575 421 2634 dus-

385 2688 421 2728 2
457 2665 552 2730 Al.
573 2666 729 2726 vobis
759 2666 1035 2728 remittam
1074 2666 1196 2749 post

293 2760 391 2843 effi
424 2757 764 2842 (westerh.
802 2758 955 2840 ineffe
975 2760 1026 2845 ).
1072 2759 1197 2823 Nos

295 2854 565 2936 sequimur
592 2848 719 2917 MS.
749 2850 939 2916 Mark.
963 2866 1090 2914 cett.
1128 2851 1193 2914 δι

293 2948 424 3009 edd.
465 2946 642 3010 Tasv.
673 2944 910 3009 Mediol.
951 2941 1197 3008 nostram

293 3056 540 3103 veterem
560 3086 581 3116 ‚
610 3040 866 3125 aliasque.

217 3140 226 3147 '
382 3148 413 3212 3
446 3132 788 3214 Elegantia*
817 3131 1089 3216 (monim
1126 3132 1193 3194 &

296 3221 605 3307 sermonis)
625 3226 868 3287 Atticam
879 3271 900 3301 ,
920 3245 1059 3306 quae
1079 3240 1195 3287 etat

297 3318 510 3379 summa
542 3317 660 3402 (uti
678 3318 946 3382 Romanis
973 3322 1193 3381 urbani·

297 3431 389 3474 tas
405 3412 655 3496 >ironice
686 3415 820 3478 dicit
841 3437 945 3499 pro
964 3416 1197 3481 ruditate

297 3508 534 3571 hominis
566 3509 904 3594 ineptiffimi.
943 3511 1030 3573 Ex
1049 3515 1193 3575 anti·

295 3605 414 3683 quis
445 3602 636 3667 codd.
657 3623 841 3670 autent
869 3606 1063 3670 reftius
1078 3607 1197 3668 sua·

297 3684 364 3755 fit
388 3694 585 3762 Faern.
616 3698 930 3781 elegantiam
956 3722 1059 3783 pro
1082 3701 1194 3760 elo·-

1315 2111 1581 2193 quentiam
1597 2157 1617 2187 ,
1637 2110 1786 2192 quod
1807 2111 1862 2171 in
1885 2132 2028 2174 rece.
2051 2110 2223 2175 MS&

1316 2205 1397 2270 est
1415 2254 1437 2280 ,
1460 2208 1524 2269 δι
1545 2228 1672 2273 cum
1690 2207 1924 2270 Donato
1941 2208 2069 2271 edd.
2082 2226 2225 2273 vett.

1318 2299 1641 2363 habuerant.

1300 2382 1306 2389 ’
1379 2412 1455 2464 ,4
1509 2388 1600 2451 Sic
1645 2391 1850 2472 antiqui
1901 2391 2068 2454 MSS.
2123 2413 2218 2475 ap.

1312 2479 1509 2542 Faern.
1561 2481 1623 2541 &
1666 2481 1844 2544 Bentl.
1889 2484 2223 2564 plurimique

1237 2598 1244 2609 ·
1283 2566 1444 2634 ‘edd.
1491 2574 1784 2636 meliorum
1842 2576 2048 2659 legunt.
2119 2576 2217 2638 Al.

1316 2666 1485 2729 MSS.
1521 2668 1584 2728 δι
1603 2669 1727 2733 edd.
1749 2686 1887 2732 vett.
1911 2670 2225 2752 nihilprae.

1315 2760 1590 2842 termzffitm
1612 2764 1680 2844 est
1693 2808 1710 2839 ,
1739 2764 1892 2846 quod
1911 2762 2060 2824 dedit
2077 2764 2228 2826 We-

1308 2851 1472 2914 sterh.
1509 2853 1699 2915 Iocose
1726 2871 1911 2916 autem
1942 2855 2005 2916 &
2042 2856 2222 2915 ambi-

1315 2967 1421 3030 gue
1453 2944 1638 3007 firmat
1662 2945 1868 3007 distum
1901 2968 1934 3005 a
1960 2946 2222 3008 Gnatho-

1315 3062 1401 3102 ne.
1464 3040 1648 3120 Quod
1689 3038 1910 3102 Thraso
1943 3040 2040 3102 sxbi
2075 3041 2224 3102 laudi

1312 3132 1517 3194 distum
1556 3150 1710 3216 putat
1726 3179 1747 3206 ,
1798 3133 1852 3196 se
1899 3130 2218 3214 praestitisse

1314 3231 1540 3302 omnia,
1573 3247 1714 3311 quae
1745 3226 2139 3307 promiserit‘h.
2169 3246 2226 3286 e.

1313 3324 1642 3405 praedixerit
1673 3324 1791 3384 ille:
1822 3321 1879 3380 id
1900 3318 2226 3401 spestatores

1315 3418 1492 3479 ridere
1512 3420 1731 3480 debent.
1763 3416 1845 3477 Ita
1869 3411 2091 3494 quisque
2117 3434 2225 3494 pro

1312 3511 1408 3572 suo
1437 3515 1659 3595 ingenio
1698 3512 1759 3573 &
1791 3529 1948 3570 more
1979 3506 2223 3590 gaudens

1320 3606 1567 3678 discedit,
1581 3627 1684 3667 nec
1696 3605 1875 3667 minus
1887 3602 2008 3667 laeti
2020 3601 2221 3666 abeunt

1316 3699 1658 3783 speflatoreS.
