2809 5234
359 819 433 899 ist
618 824 657 897 r.
710 809 1095 898 'rana‘rrrrt

360 982 783 1084 Utnequemiserieordia,
791 1011 903 1083 neque
914 984 1207 1083 precibusmolliri
1215 1013 1315 1087 queas

363 1109 417 1178 D.
446 1105 583 1179 Adeon’
605 1122 640 1177 te
662 1105 729 1177 esse
760 1105 1008 1204 incogitantem
1029 1126 1134 1206 atque
1152 1108 1315 1206 impuden

551 1240 644 1311 tem,
664 1223 851 1314 Phaedria,

363 1348 415 1422 Ut
426 1346 610 1446 phaleratis
630 1343 748 1416 ¹disiis
769 1346 874 1420 ducas
886 1372 941 1421 me
961 1367 996 1420 et
1011 1374 1122 1422 meam
1133 1353 1250 1425 dudes
1262 1379 1315 1451 gra

563 1468 644 1539 tiis?
707 1516 713 1525 ·
1297 1507 1311 1551 r

331 1606 339 1631 ⁴
365 1592 418 1667 A.·
433 1590 624 1664 Miseritum
646 1591 695 1666 est
715 1613 741 1668 ².
761 1599 801 1668 P.
823 1595 878 1667 hei
893 1596 983 1668 veris
998 1596 1123 1670 vincor
1143 1616 1165 1669 ³.
1184 1605 1222 1673 G.
1236 1627 1315 1699 quar

553 1733 702 1815 uterque
724 1717 773 1790 est
796 1718 910 1791 similis
930 1717 980 1790 sui
997 1717 1034 1791 ⁴!

368 1841 416 1914 P.
433 1839 558 1936 Neque
577 1839 735 1936 Antipho
756 1842 822 1914 alia
842 1866 922 1914 cum
946 1859 1137 1938 occupatus
1162 1842 1244 1915 esset
1270 1842 1315 1917 soi

347 2050 352 2054 .
568 1961 776 2055 licitudine,

368 2079 462 2155 Tum
487 2081 558 2156 hoc
586 2083 654 2156 esse
684 2086 732 2158 mi
758 2087 932 2161 ohiedum
961 2090 1093 2163 malum
1111 2093 1152 2163 i?
1186 2098 1231 2163 A.
1261 2094 1307 2163 ah

556 2201 642 2298 quid
661 2202 747 2276 istuc
772 2205 820 2276 est
843 2226 986 2299 antem,
1010 2209 1197 2281 Phaedria?

368 2323 413 2396 P.
429 2323 465 2394 Ο
487 2319 750 2395 fortunatissime
771 2326 927 2421 Antipho
946 2327 970 2399 ⁶.
995 2337 1042 2402 A.
1068 2332 1206 2426 egone?
1225 2334 1266 2404 P.
1285 2358 1315 2404 cr

570 2445 669 2543 quod
688 2472 809 2540 amas,
841 2451 939 2523 domi
966 2450 1038 2538 est3

414 2647 427 2689 ι
445 2626 588 2708 speciosa,
603 2627 651 2689 sed
662 2631 818 2707 inanibus3
900 2634 934 2694 ab
950 2636 1080 2694 Annaiia
1097 2643 1151 2694 &e
1161 2653 1186 2693 et
1196 2636 1263 2693 dum
1273 2656 1315 2693 eoi

374 2736 418 2796 nti
431 2758 597 2797 ornamenta
610 2760 752 2823 equorum
763 2742 820 2802 iac·

376 2841 640 2903 tationemhabcat.

416 2970 433 3007 a
455 2947 485 3008 h.
506 2969 531 3008 e.
549 2948 661 3009 miseret
674 2972 719 3010 me
735 2950 824 3012 Phae·

375 3059 464 3120 driae.
486 3059 520 3118 Id
532 3060 604 3119 Ant.
618 3060 652 3118 ad
666 3059 782 3120 Getam.

400 3185 414 3241 3
425 3163 563 3224 Phaedria
571 3164 626 3222 hoc
634 3166 735 3224 secum.
750 3165 825 3221 Veris

377 3270 431 3329 int.
441 3271 550 3329 distisa
561 3269 685 3340 lenone,
695 3270 745 3350 qui
756 3289 821 3326 vere

375 3376 483 3436 dixerat
495 3423 502 3450 ,
518 3374 606 3435 multa
616 3374 740 3432 inaniter
752 3394 821 3453 pro=

376 3486 492 3544 mittere
511 3482 689 3543 Phaedriam.

418 3587 504 3661 4ar
525 3554 648 3668 ariph.
671 3584 740 3646 scri.
755 3585 823 3646 aro.

376 3690 487 3753 lescens
500 3693 633 3753 honestus
644 3714 714 3752 vero
726 3689 753 3750 se
762 3691 824 3749 vin-

379 3801 407 3859 ci
419 3795 520 3880 passus.
537 3801 592 3858 Sed
606 3803 738 3882 impurus
753 3797 822 3859 ien'o

379 3909 470 3965 moris
490 3903 529 3961 sui
546 3906 681 3965 retinens.

423 4031 437 4084 5
458 4007 601 4068 Consttuc
620 4010 669 4069 τόν
686 4032 744 4069 carn
762 4011 825 4069 Ant.

380 4138 432 4176 mn
456 4115 511 4174 aha
527 4113 539 4183 (
556 4111 585 4171 h.
608 4133 632 4170 c.
652 4114 713 4191 pati
729 4115 739 4192 )
760 4116 821 4194 fid.

382 4221 506 4298 efferare.
515 4239 568 4281 turn
581 4220 743 4299 hoceffedoe.
756 4220 817 4280 Alii

382 4343 446 4387 min
460 4326 540 4388 Don.
554 4349 634 4407 neque
646 4325 821 4388 intercidunt

901 2744 1123 2824 iungunturque
1148 2760 1202 2800 rum
1232 2743 1315 2819 doce

905 2853 958 2903 διε.
969 2841 1077 2902 sensum
1087 2844 1176 2925 magis
1185 2842 1315 2924 implicat

905 2971 990 3034 quam
1017 2948 1101 3009 verba
1127 2950 1272 3009 ordinant.
1294 2951 1315 3010 A

905 3059 983 3118 enim
1005 3057 1075 3118 Ant.
1095 3056 1150 3118 alia
1163 3058 1173 3136 s
1186 3056 1243 3116 seii.
1260 3079 1315 3141 qua

908 3165 942 3222 de
963 3165 1090 3246 nuptiis)
1108 3163 1197 3223 sollic.
1220 3185 1312 3243 occup

905 3287 966 3340 tus,
983 3273 1077 3330 minus
1098 3270 1170 3330 liber
1194 3265 1285 3329 fuisset
1310 3295 1315 3330 z

902 3373 1056 3431 iuvandam
1074 3373 1258 3432 Phaedriam?
1271 3376 1315 3434 sui

901 3477 989 3538 tiliter
1004 3498 1073 3535 vero
1086 3497 1173 3556 poeta
1191 3481 1311 3557 precesi

903 3581 958 3642 sert
970 3628 977 3655 ,
991 3604 1059 3667 quas
1078 3580 1095 3639 st
1112 3578 1287 3660 praesentem
1301 3608 1315 3639 v

908 3683 986 3748 disset
1002 3687 1157 3759 Phaedria,
1178 3707 1238 3745 non
1258 3689 1312 3747 aud

906 3814 957 3855 ret.
976 3795 1012 3854 Er
1036 3794 1107 3853 Ant.
1128 3784 1184 3852 iam
1198 3811 1261 3851 ante
1280 3816 1315 3850 mi

908 3922 951 3962 rus
967 3899 1181 3972 misericordia,
1201 3917 1275 3956 nunc
1296 3897 1314 3955 h

907 4004 1061 4066 manissime
1083 3984 1215 4087 regando
1230 4003 1273 4063 illi
1296 4026 1315 4064 a

905 4111 968 4170 fere
991 4110 1174 4192 intelligitur.

942 4216 1024 4276 ref.
1043 4219 1111 4277 Ast.
1131 4218 1160 4290 Ι,
1184 4235 1263 4294 3,10
1280 4213 1314 4299 sq

902 4320 1139 4399 Eonunatiorem
1180 4323 1315 4386 miserenti
