2809 5234
468 765 493 815 ἰῇ
566 738 572 759 .

234 877 258 958 a
416 827 1029 962 ’κυκητὴν

230 1044 340 1140 Quod
359 1042 421 1122 tibi
434 1068 506 1122 mea
524 1073 576 1122 ars
587 1047 719 1123 efficere
733 1046 800 1122 hoc
814 1048 915 1149 pofftt
930 1022 1095 1148 ampliati

234 1173 288 1243 Si.
312 1169 405 1247 Nihil
430 1170 531 1248 isihac
555 1197 643 1270 opus
667 1170 715 1245 est
733 1190 802 1247 arte
827 1172 870 1248 ad
896 1171 983 1249 hanc
1010 1200 1082 1250 rem
1101 1201 1202 1278 quam

310 1320 439 1394 ¹prr03
1180 1324 1198 1402 ς

144 1428 171 1504 J
233 1421 300 1494 Sed
312 1420 371 1512 iis,
390 1445 472 1520 quas
492 1419 620 1517 semper
639 1418 676 1492 in
694 1438 728 1494 te
746 1422 889 1497 intellexi
906 1423 997 1518 srtas,

232 1547 313 1620 ride
333 1565 366 1621 et
382 1544 611 1619 taciturnitate.
625 1552 682 1620 So.
696 1546 876 1645 aspasio,
897 1549 979 1647 quid
995 1550 1088 1626 velis.

234 1675 287 1745 Si.
300 1675 374 1769 Ego
389 1667 562 1769 postquam
576 1688 609 1746 te
622 1673 691 1746 emi
703 1697 723 1746 a
737 1671 906 1772 parvulo,
921 1689 959 1745 ut
970 1670 1098 1772 semper
1112 1672 1173 1749 tibi

234 1797 340 1892 Apud
355 1819 410 1868 me
423 1773 505 1868 iirsta
517 1817 552 1872 et
565 1795 709 1871 clemens
721 1795 823 1870 fuerit
838 1795 999 1886 servitus,

234 1911 315 1993 Scir.
334 1917 422 2013 feci,
439 1943 459 1994 e
478 1919 576 1995 servo
594 1939 630 1995 ut
648 1920 727 1996 esses
740 1919 876 1994 libertus
891 1916 997 2011 mihig
1157 1942 1202 1997 ro

236 2044 417 2141 Propterea
433 2047 530 2144 'quod
548 2044 711 2120 serviebas
727 2043 915 2119 liberaliter.

237 2170 348 2262 Quod
357 2169 462 2243 ¹habui
477 2171 642 2244 summum
656 2171 799 2270 pretium
812 2194 833 2259 ‚·
846 2167 993 2266 persolvi
1009 2168 1080 2242 tibi.

239 2301 293 2369 So.
307 2298 345 2368 ln
365 2298 529 2370 memoria
543 2294 662 2368 habeo.
680 2299 729 2366 Si.
742 2292 830 2367 haud
844 2292 940 2366 muto
960 2291 1082 2369 futrum
1103 2309 1125 2370 ¹.
1149 2270 1207 2372 Se.

198 2496 203 2513 ¹
343 2423 501 2517 gaudem
1201 2418 1206 2441 '

241 2542 277 2617 si
291 2543 353 2618 tibi
367 2539 449 2642 quid
462 2535 526 2615 seei
535 2596 547 2633 ,
557 2563 613 2615 aut
623 2539 736 2633 facio,
755 2541 850 2641 quod
864 2541 1007 2641 placeat,
1020 2542 1134 2634 Simo;
1148 2562 1208 2638 et,

241 2669 282 2742 ld
297 2687 424 2768 gratum
441 2665 534 2741 fuisse
547 2666 727 2743 advorsum
741 2687 795 2767 te,
810 2667 920 2742 habeo
934 2668 1084 2769 gratiam.
1150 2690 1203 2769 ἰς
1308 2645 1314 2657 ’

242 2795 309 2868 Sed
321 2795 367 2866 mi
380 2793 448 2868 hoe
458 2791 916 2869 molestumestznamisihaec
927 2794 1210 2869 commemoratio

153 2992 156 2998 ,
193 2920 208 2951 ·’
244 2916 349 3013 Quasr
364 2918 578 3017 exprobratio
590 2917 638 2994 est
650 2918 858 2995 itr'rmemoris
873 2917 1015 3002 benefici
1031 2931 1056 2990 ².

244 3041 343 3138 Quin
357 3067 394 3116 ru
407 3067 478 3137 uno
490 3046 598 3119 verbo
613 3043 688 3132 dic,
705 3044 788 3143 quid
801 3042 849 3118 est
860 3096 873 3132 ,
885 3042 981 3141 quod
998 3065 1052 3115 me
1067 3039 1163 3115 velia.
1181 3048 1198 3063 ''

207 3249 209 3252 ,
242 3167 300 3240 'Si.
316 3171 362 3242 lta
375 3165 505 3244 faciam.
523 3171 592 3244 hoe
607 3169 754 3268 primum
769 3168 806 3240 in
822 3167 885 3240 hac
897 3190 933 3239 re
945 3165 1105 3265 praedico¹
1120 3165 1204 3254 tibi,
1284 3234 1287 3242 .

188 3306 191 3312 '
209 3271 215 3283 x
246 3295 341 3387 Quas
356 3295 463 3369 credis
476 3293 543 3367 esse
556 3280 639 3389 has,
656 3316 727 3366 non
744 3290 818 3365 sunt
830 3298 934 3367 verae'
948 3289 1104 3395 nuptiae
1147 3368 1150 3373 ,
1167 3313 1214 3363 20
1293 3280 1296 3284 ⁵

249 3423 307 3491 So.
329 3418 401 3493 Cur
419 3419 554 3514 srmtrlas'
561 3417 694 3518 igitur?
714 3420 765 3491 si.
777 3439 848 3490 rem
860 3425 1033 3504 earnem-a
1043 3411 1215 3511 principio

348 3542 484 3616 audies:
1027 3617 1031 3623 .

160 3726 167 3774 ς
211 3740 213 3744 .
249 3681 304 3753 Εο
323 3678 422 3774 patto.
434 3694 468 3750 et
481 3653 570 3777 grati
584 3678 690 3753 vitam
704 3729 717 3764 ,
732 3696 766 3752 et
783 3658 1087 3751 confilium'meum

214 3902 216 3905 Ι
251 3801 469 3901 Cognosces,
485 3817 518 3873 et
531 3803 614 3900 quid
630 3802 742 3877 faeere
755 3800 789 3874 in
803 3801 915 3876 haere
928 3798 1087 3876 tevelim.

148 3978 152 3987 -
253 3928 341 4002 Nam
356 3926 384 4001 is
398 3925 575 4026 postquam
589 3927 723 4003 excessit
736 3943 779 4004 ex
791 3925 949 4026 ephebis,
964 3926 1077 4016 Sosia,
1092 3948 1132 4002 ac

276 4146 302 4265 ιι
314 4204 342 4267 h.
352 4159 569 4287 enon'poenite‘t
577 4221 622 4263 me
632 4178 705 4263 sasii.
762 4203 858 4285 ponit,
882 4198 915 4263 &
929 4192 1018 4259 Bentl.
1039 4181 1225 4272 fingitimme·

300 4311 363 4372 ah.
379 4333 401 4372 e.
412 4312 489 4383 eius,
503 4310 550 4390 qui
566 4309 713 4368 immemor
771 4302 845 4365 morr'.

260 4411 713 4501 stheaMaseDon.paffiveex·
