2809 5234
612 1346 985 1424 DONATI
1031 1340 1520 1417 PROLOGUS
1566 1340 1664 1414 ΙΝ
1713 1340 2275 1426 EUNUCHUM.
2392 1344 2397 1349 ’

447 1658 476 1715 ⁸
490 1561 716 1740 H
696 1667 832 1735 Aee
871 1663 1203 1756 masculini
1220 1662 1457 1757 generis
1489 1662 1742 1734 nomine
1782 1683 2144 1753 nuncupata
2165 1658 2403 1750 fabula

492 1762 607 1859 est,
639 1761 1027 1835 Eunuchus:
1074 1756 1141 1831 G·
1166 1763 1245 1860 est
1276 1760 1537 1829 palliata
1571 1762 1914 1830 Menandri
1953 1782 2166 1830 vetus:
2211 1785 2403 1850 quam

498 1862 601 1928 ille
628 1859 839 1929 auc'lor
857 1858 1119 1950 defitilo
1144 1858 1538 1947 adolescentis
1561 1905 1583 1940 ,
1614 1859 1726 1949 qui
1735 1856 1808 1949 fi
1818 1885 1938 1949 pro
1963 1857 2275 1926 Eunucho
2300 1857 2408 1926 dea

490 1959 634 2025 duci
668 1960 758 2026 ad
796 1959 1158 2027 meretricem
1191 1952 1414 2050 paffus
1455 1956 1538 2043 est
1559 2003 1581 2038 ,
1625 1959 2000 2025 nominavit.
2056 1956 2275 2046 Itaque
2324 1979 2407 2022 ex

490 2080 724 2148 magna
743 2076 924 2146 parte
954 2053 1243 2124 motoria
1279 2053 1370 2151 est.
1426 2059 1639 2146 Atque
1681 2054 1753 2120 in
1798 2055 1914 2122 hac
1941 2053 2255 2121 comoedia
2296 2049 2409 2143 qui

480 2153 811 2244 personam
839 2151 1256 2220 Parmenonis
1281 2148 1718 2251 aft‘orfitstinet
1740 2199 1762 2234 ,
1779 2151 2023 2240 primas
2050 2148 2224 2217 habet
2242 2173 2407 2238 par·-

491 2270 602 2320 tes.
672 2251 990 2320 Secundae
1014 2248 1187 2338 'fient
1234 2248 1545 2323 Chaereae.
1613 2247 1852 2322 Tertiae
1897 2248 1989 2320 ad
2031 2246 2409 2317 Phaedriam

474 2344 775 2436 spe-Hane.
833 2346 1049 2414 Huius
1074 2348 1369 2438 prologus
1386 2344 1549 2434 fitne
1583 2346 1661 2445 est'
1701 2344 2084 2413 concitatior.
2133 2343 2313 2417 Nam
2341 2337 2409 2417 G·

490 2443 701 2513 obiicit
738 2446 999 2510 crimina
1044 2442 1552 2530 adversantibus:
1603 2439 1669 2512 Gr
1720 2441 2142 2510 comminatur
2172 2440 2252 2505 ‘in
2286 2464 2411 2527 po-

475 2537 703 2637 sterum
728 2563 753 2606 .·
791 2532 858 2605 G·
880 2537 1247 2628 accusatorie
1272 2563 1492 2606 narrat
1521 2541 1816 2610 iuiuriam
1840 2538 2114 2606 Terentio
2123 2534 2411 2623 sudam:

495 2630 561 2704 ἃ
586 2640 677 2703 ad
695 2635 985 2703 ultimum
1018 2634 1386 2721 tumultuose
1408 2688 1429 2722 ,
1453 2633 1518 2707 G·
1556 2662 1691 2707 cum
1739 2658 1973 2728 magna
2017 2633 2266 2703 invidia
2299 2634 2411 2707 de-

483 2730 706 2821 findit
741 2732 1022 2800 Poetam.
1070 2731 1240 2799 Haec
1280 2726 1345 2800 ἃ
1389 2765 1712 2822 προτοισιν,
1749 2726 1814 2799 δ’
1851 2759 2168 2808 torenton,
2196 2723 2263 2797 ἃ
2299 2760 2413 2800 ια.-

495 2856 822 2915 τοιστροφην
848 2827 941 2893 ita
978 2830 1259 2916 aequales
1296 2828 1474 2894 habet
1495 2878 1515 2912 ‚
1545 2850 1617 2895 ut
1653 2827 1955 2920 nusquam
1982 2826 2161 2893 dicas
2201 2825 2410 2917 longi-

494 2922 706 2989 tudine
740 2924 935 3012 operis
980 2925 1327 2991 Terentium
1364 2920 1724 3018 delaffittum
1769 2917 2136 3019 dormieaffl.
2207 2922 2412 2993 Aftus

477 3015 645 3108 fitne
662 3019 1121 3110 implicationes
1128 3020 1296 3112 sient
1311 3023 1380 3088 in
1412 3046 1483 3088 ea
1500 3072 1519 3104 ,
1547 3016 1612 3090 G·
1631 3024 1736 3113 qui
1760 3048 1892 3091 non
1903 3022 2103 3113 facile
2124 3046 2167 3089 a
2181 3045 2413 3112 pamm

493 3115 688 3186 doctis
737 3118 1032 3216 dtstingui
1070 3117 1303 3215 poffint
1320 3143 1345 3188 :
1390 3120 1529 3186 ideo
1580 3120 1733 3210 quia
1775 3123 2018 3201 tenendi
2045 3117 2410 3211 speilatoris

492 3215 684 3303 causa
707 3223 841 3284 vult
863 3240 1050 3308 poeta
1073 3217 1271 3317 noster
1287 3242 1502 3288 omnes
1529 3218 1798 3309 quinque
1827 3216 1998 3285 affus
2023 3221 2186 3284 velut
2209 3240 2407 3288 unum

476 3313 642 3401 fieti,
677 3337 752 3378 ne
803 3315 1043 3403 respiret
1069 3318 1539 3408 ‘quodammodo
1557 3340 1583 3384 .·
1632 3338 1815 3408 atque
1867 3310 2145 3412 d‘qiinila
2176 3313 2410 3380 alicubi
2440 3390 2447 3407 ,

496 3409 963 3479 continuatione
973 3411 1430 3502 succedentium
1459 3441 1650 3484 rerum
1676 3462 1698 3497 ‚
1723 3434 1868 3481 ante
1909 3415 2136 3478 aulaea
2143 3409 2408 3499 sublata

482 3503 1173 3600 fastidiosusspeilator
1186 3510 1492 3606 exsurgat.
1521 3512 1691 3579 Abla
1711 3512 1907 3601 plane
1935 3507 2015 3607 est
2036 3507 2236 3576 Ludis
2262 3507 2411 3575 Me-

492 3599 834 3696 galenfibus
851 3653 872 3683 ,
900 3605 972 3672 L.
999 3605 1354 3704 Posthumio
1374 3659 1393 3691 ,
1426 3609 1497 3674 L.
1523 3609 1799 3675 Cornelio
1835 3607 2166 3675 Aedilibus
2205 3606 2408 3674 Curu-

495 3701 660 3767 libus
681 3725 705 3767 .·
733 3701 916 3767 etiarn
942 3724 1091 3769 tunc
1112 3703 1460 3793 personatis
1489 3706 1561 3773 L.
1586 3703 1896 3773 Numidio
1921 3703 2314 3799 Posthumio,
2334 3704 2411 3772 L.
2516 3712 2521 3717 '

498 3798 810 3865 Ambivio
867 3799 1179 3887 Turpione
1199 3825 1223 3868 .·
1276 3801 1419 3869 item
1465 3804 1821 3870 modulante
1869 3804 2093 3872 Flacco
2148 3791 2414 3872 Claudio*

498 3893 672 3961 tibiis
716 3897 941 3962 dextra
985 3890 1052 3963 6·
1078 3895 1331 3994 finistra
1365 3898 1441 3964 ob
1481 3898 1810 3982 iocularia,
1853 3906 2052 3970 multa
2087 3898 2409 3992 permixta

496 3991 818 4082 gravitate.
883 3995 976 4059 Et
1018 3993 1157 4061 aila
1197 3993 1278 4090 est
1327 4014 1509 4061 tanto
1532 3994 1813 4164 fitccffl‘u
1852 4025 1928 4069 ac
1954 3995 2189 4090 plausit
2228 4015 2410 4085 atque

479 4080 804 4180 suffragio
823 4083 849 4169 ‚'
866 4111 936 4157 ut
957 4090 1163 4181 rursus
1189 4085 1326 4186 efflt
1351 4093 1602 4160 vendita
1619 4140 1641 4177 ,
1762 4118 2038 4191 ageretur
2058 4095 2272 4160 iterum
2288 4115 2408 4181 pro

498 4208 670 4252 nova
689 4209 715 4253 .·
735 4212 965 4278 proque
1000 4213 1072 4255 ea
1100 4190 1361 4279 pretium
1377 4236 1396 4267 ,
1428 4191 1596 4278 quod
1616 4195 1777 4261 nulli
1801 4215 1946 4264 ante
1979 4189 2181 4280 ipsam
2200 4187 2410 4276 fabu-

496 4283 628 4349 lam
666 4285 954 4378 contigit,
992 4283 1122 4353 offo
1152 4284 1429 4354 millibus
1448 4284 1780 4382 sestertium
1815 4308 2206 4358 numerarent
2242 4285 2409 4356 Poe-

493 4399 613 4450 tae.
656 4381 992 4451 proverbia
1018 4388 1217 4453 multa
1235 4381 1425 4472 saepe
1440 4390 1888 4474 pronuntiata,
1921 4379 1988 4454 Ee
2013 4384 2258 4454 cantica
2260 4383 2409 4476 sae-

489 4502 570 4578 με
610 4481 875 4552 mutatis
914 4483 1114 4555 modis
1154 4482 1435 4554 exhibita
1460 4479 1645 4574 fient.
1694 4504 2053 4580 sspnaweor
2104 4513 2411 4580 προφανοῦς

1913 4601 2053 4683 ⁶4
