2809 5234
281 821 350 895 208
537 817 1008 889 ltTERENTH
1125 878 1128 884 .

279 988 330 1057 M.
348 978 484 1056 Utinam
500 979 544 1052 ita
565 979 600 1051 di
621 975 750 1051 faxint!
777 981 813 1050 C.
828 975 960 1053 facient.
987 1002 1080 1051 nunc
1102 974 1248 1057 ficom·

249 1180 252 1185 ,
449 1105 588 1176 modum
599 1101 651 1205 est
671 1119 707 1187 ¹,

277 1226 445 1328 Dionysia
462 1241 476 1276 ²
491 1226 545 1301 hic
560 1226 654 1315 sunt,
667 1225 769 1298 hodie
787 1226 874 1322 apud
896 1250 951 1299 me
971 1209 1011 1301 bs
1025 1231 1122 1306 volo.
1176 1259 1246 1310 rso

277 1355 327 1426 M.
338 1353 419 1426 Non
433 1349 574 1448 pollum.
590 1355 627 1423 C.
639 1376 700 1424 cur
715 1358 804 1424 non?
815 1351 937 1450 quaeso
950 1353 1083 1427 tandem
1096 1355 1247 1457 aliquan·

275 1592 357 1666 Tibi
375 1473 735 1689 paretiliuiriemabseus
752 1589 907 1665 faterere
925 1593 994 1667 hoc
1013 1595 1091 1671 volt
1110 1597 1207 1676 filius.

275 1729 327 1798 M.
341 1727 422 1797 Non
430 1720 609 1808 convenit,
621 1721 680 1819 qui
689 1720 781 1792 illum
794 1719 835 1791 ad
847 1720 996 1792 laborem
1014 1722 1245 1823 rimpulenm,

271 1847 376 1949 'Nunc
390 1868 444 1915 me
459 1840 565 1939 ipsum
582 1841 710 1940 fugere.
732 1844 771 1914 C.
792 1837 911 1913 ficciue
924 1840 971 1914 est
985 1840 1170 1919 sententia?

274 1974 325 2040 M.
337 1966 400 2038 Sic.
427 1968 463 2036 C.
477 1965 562 2037 bene
580 1965 663 2038 vale.
682 1967 735 2037 M.
753 1986 789 2039 et
804 1966 853 2038 t'u.
873 1967 906 2035 C.
927 1964 1089 2041 lacrumas
1103 1970 1242 2046 excuffit

337 2169 355 2208 ν
441 2086 524 2158 mihi
541 2102 584 2177 ⁴,
1171 2113 1236 2188 115

274 2211 474 2310 Miseretque
495 2235 550 2282 me
573 2212 664 2285 eius:
689 2211 769 2303 sed,
787 2234 831 2287 ut.
844 2209 911 2285 diei
930 2228 1061 2305 tempus
1083 2208 1151 2301 est,

273 2337 417 2404 Monere
436 2349 445 2393 ⁵
470 2350 606 2428 oportet
629 2350 684 2404 me
703 2333 792 2406 hunc
815 2332 965 2405 vicinum
990 2331 1170 2419 Phaniam,

273 2458 327 2530 ud
346 2480 487 2529 coenam
512 2476 549 2527 ur
571 2456 707 2529 veniat:
731 2456 812 2544 ibo,
830 2455 954 2545 visam,
974 2455 998 2528 st
1021 2457 1116 2532 dorni
1132 2457 1189 2532 ests

273 2582 332 2650 Nil
345 2604 432 2675 opus
445 2577 505 2651 fuir
519 2580 708 2662 monitores
727 2577 919 2650 iamdudum
940 2579 1035 2652 dorni

271 2700 404 2773 Praesto
437 2702 524 2796 apud
555 2726 609 2772 me
640 2698 704 2772 esse
735 2699 826 2773 aiunt
852 2701 879 2773 ⁶.
915 2717 1050 2800 egomet
1075 2703 1238 2778 convivas

298 2900 307 2923 ,
440 2849 568 2898 moror.
1169 2852 1237 2902 rao

269 2947 330 3019 lbo
356 2946 442 3019 adeo
464 2947 542 3021 hinc
566 2947 665 3020 intro.
688 2947 744 3020 sed
768 2947 848 3044 quid
870 2970 1070 3044 crepuerunt
1090 2947 1210 3023 sores?

266 3072 356 3144 Hinc
377 3088 397 3142 a
416 3093 470 3144 me
487 3086 502 3131 ⁷
525 3069 673 3168 quisnam
688 3069 880 3168 egreditur?
896 3071 962 3146 huc
978 3074 1179 3150 conceffero.

309 3322 322 3361 r
348 3301 441 3363 Bonus
469 3298 553 3381 usque
584 3296 721 3360 Chremes
782 3323 866 3363 manu
885 3300 1052 3385 impellerim,
1075 3303 1151 3383 quod
1171 3324 1236 3365 cum

264 3392 412 3474 distrahere
434 3393 493 3452 vult
518 3390 718 3452 Menedemum
779 3396 900 3456 Faernus
915 3392 945 3453 'ut
959 3396 1099 3473 antiquum
1116 3415 1237 3477 propug-

263 3505 283 3543 a
295 3485 441 3544 laboribus.
778 3488 884 3565 mallet,
904 3507 960 3547 nou
975 3472 1113 3559 evicillet'‚
1131 3488 1235 3565 nihilo-

307 3600 324 3639 2
340 3581 388 3638 int.
404 3582 432 3638 in
451 3583 538 3664 agris,
556 3599 626 3661 quae
648 3581 719 3641 cele·
779 3585 867 3643 minus
880 3587 907 3643 in
924 3579 998 3664 vulg.
1016 3579 1091 3641 abiit.
1108 3579 1233 3663 Antefig.

264 3672 411 3732 brabantur
420 3690 551 3733 autumno
557 3718 567 3744 ‚
579 3691 669 3750 neque
680 3688 719 3729 ta·
780 3674 868 3733 voluit
879 3669 1033 3756 impallerim
1043 3693 1056 3744 ,·
1067 3690 1137 3752 quae
1153 3691 1235 3750 epen-

264 3784 331 3825 men
347 3784 404 3823 uno
420 3763 464 3824 die
485 3787 532 3845 per
554 3784 641 3846 pagos
659 3766 718 3824 ubi·
780 3766 861 3826 thesis
875 3766 1005 3848 probatur
1020 3762 1099 3829 Glar.
1114 3766 1146 3827 ὃ(
1157 3765 1234 3827 We-

263 3880 327 3941 que.
343 3857 432 3918 Stena
444 3855 482 3917 est
497 3861 526 3916 iu
545 3860 718 3930 suburbano,
779 3857 860 3922 sterh.

258 3951 310 4011 ubi
319 3965 432 4030 uterque
442 3946 520 4008 senex
530 3951 613 4008 vicini
626 3968 720 4024 erant;
821 3972 841 4025 4
857 3948 1003 4010 Humanus
1019 3968 1086 4011 vere
1097 3949 1135 4012 est
1142 3950 1232 4013 Chre·

262 4043 299 4104 cf.
315 4042 475 4103 Dacieriam
494 4042 530 4101 ad
545 4044 571 4100 lt.
585 4042 604 4102 l.
776 4063 844 4103 mes.

306 4155 319 4217 3
337 4135 381 4196 Sic
396 4135 473 4215 plura
486 4132 566 4195 MSS.
581 4131 627 4192 sed
638 4133 716 4192 verbi
821 4133 906 4216 5lam
922 4150 986 4194 anre
1003 4136 1160 4198 invitatum.

263 4226 475 4307 antepenultima
490 4225 595 4284 laborat
614 4222 718 4284 veniis.
818 4226 838 4286 6
856 4227 904 4284 int.
922 4225 1000 4285 servi.

264 4315 301 4378 Et
320 4318 382 4378 MS.
409 4318 474 4379 Vat.
496 4318 579 4378 haber
597 4336 613 4375 a
630 4317 717 4396 prima
817 4336 837 4398 7
858 4316 905 4378 Al.
918 4319 1093 4401 interponunt
1104 4320 1132 4383 la.
1144 4319 1161 4380 l.
1174 4315 1230 4402 sag-

194 4692 199 4703 Ι
