2809 5234
1042 898 1766 982 'ADELPHL
2255 901 2340 1003 83

409 1071 512 1146 Ut
545 1093 656 1142 me
684 1068 826 1142 hoc
863 1064 1191 1140 deliflum
1230 1061 1562 1140 admififfe
1596 1063 1670 1136 in
1710 1088 1861 1164 me,
1907 1062 2180 1161 idflmihi
2222 1087 2352 1140 ve-

800 1189 1165 1261 hementer
1234 1183 1433 1268 dolet
1465 1237 1490 1273 ,

408 1314 498 1386 Et
548 1336 657 1383 me
709 1310 815 1386 tui
856 1309 1097 1405 pudet.
1160 1310 1264 1381 M.·
1319 1307 1534 1380 credo
1579 1305 1815 1380 hercle
1864 1333 1888 1381 τ
1949 1331 2111 1381 nam
2157 1305 2350 1404 inge-³

811 1431 1008 1503 nium
1060 1428 1235 1501 novi
1272 1444 1476 1500 tuum

409 1557 726 1632 Liberale
766 1573 828 1626 ¹:
855 1555 973 1629 sed
987 1579 1243 1629 vereor
1272 1579 1358 1626 ne
1387 1552 1752 1650 indiligens
1774 1551 2062 1624 nimium
2082 1551 2226 1626 fies.
2261 1575 2352 1649 50
2379 1618 2383 1622 .

414 1688 491 1756 ln
529 1709 665 1783 qua
716 1681 1002 1756 civitate
1043 1677 1319 1752 tandem
1361 1696 1434 1750 te
1469 1676 1806 1749 arbitrare
1850 1674 2096 1748 vi'vere
2125 1678 2160 1744 ἱ)

414 1807 781 1904 Virginem
838 1801 1094 1878 vitiasti
1121 1853 1146 1891 ,
1184 1824 1396 1899 quam
1451 1817 1521 1872 te
1577 1823 1726 1872 non
1769 1800 1876 1873 ius
1915 1798 2143 1874 fuerat
2191 1815 2347 1877 tan-⁴

682 1925 686 1929 ’
795 1952 959 2026 gere
1022 1985 1050 2019 2
1076 1951 1101 1998 ε

406 2050 552 2126 lam
592 2050 664 2124 id
717 2068 1083 2147 peccatum
1145 2044 1448 2143 primum
1506 2067 1834 2141 magnum
1874 2069 1899 2130 3
1968 2067 2292 2142 magnum
2315 2060 2351 2137 ,·

397 2150 402 2155 ι
797 2193 869 2248 at
910 2176 1290 2248 humanum
1327 2192 1604 2243 tamen:

405 2298 651 2370 Fecere
717 2295 836 2369 alii
899 2294 1098 2392 saepe
1146 2349 1174 2384 ‚
1242 2293 1412 2366 item
1481 2290 1676 2365 boni.
1732 2309 1804 2365 at
1859 2290 2227 2391 postquam
2271 2292 2346 2365 id

785 2416 1028 2488 evenit
1051 2469 1075 2505 ,
1121 2415 1298 2490 cedo
1317 2470 1346 2504 ,

407 2536 771 2636 Numquid
835 2536 1321 2635 circumspexti
1352 2538 1382 2611 1·
1441 2557 1562 2611 aut
1592 2538 1937 2637 numquid
1969 2555 2126 2614 tute
2152 2558 2350 2638 ‘pro-

804 2658 1029 2759 spexti
1058 2661 1186 2733 tibi
1210 2714 1235 2751 ,
2261 2683 2290 2760 5
2310 2680 2344 2760 ς

411 2784 610 2879 Quid
657 2783 897 2858 fieret?
947 2811 1088 2885 qua
1122 2784 1371 2859 fieret?
1409 2783 1459 2858 fi
1497 2803 1569 2859 te
1603 2784 1775 2859 mihi
1829 2784 2052 2883 ipsum
2096 2786 2348 2882 puduit

818 2907 1047 2982 dicere
1076 2961 1101 2999 ,

407 3033 572 3126 Qua
610 3030 1088 3107 resciscerem?
1129 3030 1302 3106 haec
1348 3032 1518 3107 dum
1556 3031 1829 3108 dubitas
1855 3085 1880 3126 ‚
1919 3029 2183 3105 menses
2213 3032 2342 3124 abq

822 3158 1055 3230 ierunt
1107 3155 1374 3231 decem.

405 3277 772 3352 Prodidisti
821 3297 891 3351 et
947 3294 1018 3350 te
1046 3331 1069 3368 ‚
1112 3300 1182 3350 et
1248 3280 1440 3353 illam
1483 3280 1844 3371 miseram,
1885 3295 1957 3353 et
2011 3295 2344 3377 gnatum,=

794 3400 991 3497 quod
1035 3400 1320 3501 quidem
1372 3400 1447 3474 in
1496 3417 1568 3473 te
1614 3399 1748 3475 fuit
1786 3418 1839 3474 ⁵.
1923 3380 1933 3393 ’

495 3686 522 3726 1
563 3667 657 3728 Ab
696 3669 911 3752 ingrati
953 3670 1134 3730 animi
1173 3674 1291 3731 cri-
1541 3693 1573 3728 τ.
1600 3667 1695 3731 Cf.
1739 3669 1890 3734 Eun.
1922 3668 2019 3746 V,
2050 3693 2081 3730 ι
2102 3691 2123 3747 3
2148 3675 2211 3732 18
2244 3672 2344 3733 Aa

405 3777 565 3833 mine
617 3774 856 3835 absolvit
918 3775 1134 3849 filium,
1188 3778 1284 3838 sed
1452 3776 1808 3856 paulum.qff‘e
1838 3779 1933 3836 hoc
1972 3780 2068 3837 tibi
2103 3781 2343 3857 videtur,

378 3864 721 3928 ‚clementer
747 3878 800 3928 ει
831 3869 1040 3932 blande
1058 3894 1291 3948 monet,
1456 3878 1707 3957 virginem
1733 3877 1924 3936 vitiare
1951 3879 2167 3939 civem?

403 3994 481 4036 ne
523 3994 703 4057 porro
750 3976 1066 4061 indiligens
1101 4001 1290 4040 rerum
1543 4005 1570 4061 3
1605 3971 1791 4043 Sene‘x
1817 3983 2012 4047 festive
2031 3988 2342 4047 com-stio-

401 4083 629 4146 suarum
657 4086 717 4147 fit
736 4134 754 4163 ,
786 4089 1088 4172 quomodo
1131 4089 1185 4150 se
1229 4092 1295 4149 in
1457 4110 1592 4151 nem
1608 4097 2002 4156 accommodat
2035 4103 2220 4155 amori
2241 4098 2340 4160 iu—

400 4189 509 4252 hac
560 4211 618 4250 rc
667 4194 1009 4273 praebuerit.
1091 4194 1291 4280 Atque
1456 4196 1638 4258 venis.
1688 4198 1761 4259 Et
1799 4201 1934 4260 dein
1970 4196 2208 4262 facetius
2233 4204 2344 4266 obv

402 4297 611 4359 Aesch.
646 4300 711 4359 in
750 4322 823 4360 eo
856 4299 912 4361 se
935 4299 1060 4384 ipse
1087 4320 1288 4390 argue-
1444 4303 1676 4386 iungat,
1720 4322 1842 4362 tum
1887 4326 1940 4364 v.
1987 4314 2053 4363 61
2096 4327 2337 4389 monet,

402 4423 486 4464 rat
510 4405 602 4466 Sc.
634 4427 661 4484 5
686 4451 705 4482 ,
729 4429 781 4466 v.
809 4425 897 4482 19.
1447 4407 1601 4470 baud
1627 4408 1875 4561 quidet}
1889 4427 2004 4493 pto
2045 4411 2294 4501 imperio
2312 4463 2338 4502 ,

1921 4518 1964 4559 2

2386 4873 2397 4895 ο
2448 4690 2568 4812 Δ
