2809 5234
244 920 318 1007 '¹5²
516 902 554 981 Ρ.
604 906 998 995 TERENTJI

244 1068 390 1167 Aliquid
410 1068 643 1142 convasaslem
661 1124 684 1158 ‚-
702 1088 806 1167 atque
829 1069 910 1143 hinc
930 1095 987 1144 me
1006 1071 1230 1148 conficerent

442 1188 616 1282 protinam
643 1188 678 1258 in
698 1188 815 1283 pedes.

244 1313 293 1385 A.
313 1312 431 1401 Quam
448 1311 504 1381 hic
529 1311 643 1408 fugam
662 1329 723 1383 aut
745 1310 877 1384 furtum
900 1312 1016 1410 parati

251 1436 296 1503 6.
313 1431 380 1503 Sed
397 1430 457 1502 ubi
472 1433 711 1526 Antiphonem
737 1434 908 1529 reperiam
922 1436 940 1506 2
952 1453 1011 1508 aut
1033 1462 1102 1535 qua
1113 1461 1224 1536 quae·

313 1564 315 1569 '
445 1576 520 1624 rere
537 1544 682 1624 insistam
705 1552 789 1624 via?
1172 1582 1216 1654 15

245 1674 292 1748 P.
320 1672 373 1748 Te
396 1674 554 1748 nominat
574 1691 597 1745 ¹.
625 1678 669 1747 A.
702 1672 819 1746 nescio
842 1675 940 1772 quod
957 1698 1120 1772 magnum
1145 1675 1221 1745 hoc

247 1788 253 1801 ’
453 1794 577 1867 nuntio
604 1779 763 1891 exspeilo
791 1797 932 1867 maltun.

242 1915 290 1989 P.
317 1915 397 2003 nh,
426 1913 519 1989 sanu'
543 1942 586 1989 ne
611 1919 679 1989 es?

249 2042 295 2113 G.
317 2040 476 2113 Domum
502 2042 552 2114 ire
577 2067 717 2141 pergam
739 2065 748 2111 t
769 2040 816 2115 ibi
836 2036 1023 2139 plurimum
1052 2034 1100 2110 etl
1124 2056 1147 2111 ².
1167 2044 1215 2119 P.

434 2181 642 2233 revocemus
669 2160 860 2235 hominem.
888 2169 935 2235 A.
967 2160 1014 2234 ste
1032 2160 1139 2234 illico.
1163 2168 1213 2239 G.

439 2277 519 2354 hem
539 2279 548 2352 l

161 2442 169 2450 '
242 2431 331 2507 Satis
351 2457 416 2530 pro
435 2432 603 2528 imperio,
624 2430 780 2532 quisquis
803 2452 850 2507 es.
880 2434 926 2506 A.
946 2435 1048 2507 Geta.
1070 2436 1114 2506 G.
1136 2433 1215 2531 ipse

434 2556 480 2629 est
498 2610 509 2646 ,
530 2583 635 2657 quem
662 2559 765 2631 volui
792 2557 948 2633 obviam.

244 2707 290 2779 A.
316 2706 416 2778 Cedo
437 2725 478 2798 ³,
512 2708 597 2805 qnid
624 2726 743 2804 portas
763 2725 803 2795 ⁴,
828 2707 999 2781 obsecro?
1023 2725 1127 2806 atque
1148 2708 1213 2801 id,

443 2825 616 2923 fipotes,
650 2826 761 2899 verbo
789 2828 924 2921 expedi.
1163 2855 1213 2902 20

243 2966 293 3044 G.
309 2969 453 3044 Faciam.
464 2974 509 3042 A.
525 2969 705 3068 eloquere.
728 2973 772 3040 G.
793 2968 901 3041 modo
918 2969 1010 3066 apud
1023 2989 1164 3066 portum
1186 2987 1213 3045 5.

443 3099 490 3165 A.
522 3090 705 3162 metnnnel
735 3093 779 3161 G.
795 3087 978 3162 intellexti.
1000 3094 1044 3163 A.
1070 3090 1208 3162 occidi!

439 3222 480 3289 P.
508 3214 614 3288 hem!

242 3372 291 3446 A.
316 3367 413 3461 Quid
434 3388 530 3461 agam
550 3364 568 3432 ?
591 3364 631 3432 P.
661 3360 745 3459 quid
775 3359 851 3431 ais?
880 3364 926 3432 G.
951 3360 1054 3434 huius
1073 3382 1212 3458 patrem

435 3488 557 3566 vidisse
586 3514 670 3579 me,
693 3505 857 3585 patruum
883 3507 992 3562 tuum.

242 3766 681 3842 tit3&iracundinmamorlbun
807 3790 820 3848 3
853 3766 973 3830 Pavilus
1002 3788 1127 3852 propere
1158 3771 1208 3835 sthi

287 3869 374 3928 ulam
387 3872 476 3929 audiri
494 3874 596 3934 clarius
609 3896 679 3933 coe·
761 3875 869 3936 malum
902 3878 1034 3936 numium
1061 3876 1206 3954 impertiri

240 3979 286 4060 pit
304 3975 394 4048 Geta,
413 3978 462 4059 qui
481 3981 599 4040 antehac
619 4001 681 4040 tan·
764 3981 838 4053 vult,
852 3981 929 4040 velut
944 3983 993 4064 qui
1009 3980 1105 4063 fugere
1117 3976 1197 4038 velit.

240 4105 302 4146 tum
317 4084 389 4145 visus
406 4086 444 4143 est
459 4090 680 4164 perturbationis
806 4114 824 4161 4
842 4089 950 4171 lllagna
958 4107 1105 4170 portentur.

239 4187 397 4269 plenusAEt
410 4188 505 4247 crescit
516 4210 606 4251 metus
616 4194 681 4253 An·
806 4213 818 4263 5
836 4191 914 4251 Geta
930 4193 1031 4251 anxius
1044 4201 1071 4252 &
1086 4188 1209 4251 anhelus

240 4286 371 4366 tiphonis
385 4288 417 4346 in
437 4309 584 4368 pavorem.
762 4289 926 4351 minutatim
938 4289 1103 4372 respondet.

278 4412 296 4462 ,ὃ
316 4393 408 4476 Apud
428 4417 559 4459 uxorem.
