2809 5234
344 813 413 887 ψ
596 750 638 861 r.
686 788 1077 865 rrtrurtt

342 950 592 1053 c.'‘l'hais,ego
605 953 670 1026 iam
685 952 810 1025 dudum
829 950 885 1025 hir
897 951 1021 1026 adsum.
1044 954 1085 1025 Y.
1101 974 1126 1026 ο
1139 950 1190 1026 rui
1204 952 1315 1034 Clue-

509 1100 564 1149 me
581 1129 593 1165 ‚
612 1098 645 1149 te
673 1076 780 1171 ipsum
805 1074 1055 1172 exspectabam:
1301 1104 1315 1183 ς

340 1198 429 1273 Sciu’
439 1216 476 1272 tu
488 1201 617 1272 turbam
633 1200 718 1276 banc
730 1217 868 1298 propter
879 1219 912 1275 te
925 1198 991 1275 este
1009 1200 1157 1276 saetam?
1173 1220 1211 1276 et
1230 1204 1315 1281 ader

510 1324 553 1395 ad
573 1347 605 1396 te
622 1324 760 1396 attinere
779 1325 864 1398 hanc

341 1448 491 1520 Omnem
516 1447 612 1518 rem?
637 1451 671 1518 C.
696 1448 738 1519 ad
760 1450 842 1522 me?
863 1465 872 1498 ¹
901 1448 959 1546 qui
984 1446 1106 1545 quaeso
1128 1446 1252 1526 istuc?
1277 1456 1315 1528 T.

514 1570 592 1667 quia
607 1571 685 1642 dum
701 1571 761 1644 tibi
775 1571 924 1645 sutorem
942 1571 1058 1645 studeo

345 1694 520 1783 Reddere,
535 1719 573 1769 ac
594 1692 788 1787 restituere,
805 1698 886 1769 haec
900 1714 999 1794 atque
1021 1699 1118 1773 huius
1130 1701 1227 1777 modi
1246 1703 1315 1778 surr

200 1886 211 1899 ,
515 1820 616 1891 multa
639 1816 735 1914 passa.

349 1947 384 2017 C.
398 1941 467 2016 Ubi
476 1967 514 2018 ea
529 1941 600 2015 est?
618 1946 656 2015 T.
667 1941 760 2016 domi
771 1946 859 2042 apud
873 1968 936 2017 me.
953 1948 984 2017 C.
999 1943 1094 2015 ehem
1111 1936 1146 2013 ²!
1170 1942 1211 2013 T.
1233 1943 1315 2044 quid

351 2058 364 2097 '
522 2067 595 2143 est?

348 2193 474 2268 Educta
504 2192 570 2275 ita,
597 2187 644 2263 uti
671 2208 771 2287 teque
800 2189 921 2288 illaque
941 2189 1081 2286 dignum
1105 2186 1162 2262 est.
1183 2173 1223 2262 ί]
1233 2191 1315 2290 quid

288 2400 292 2408 Ι
385 2290 387 2304 ¹
520 2314 567 2386 ais
585 2313 628 2384 3?
650 2315 689 2385 T.
712 2313 747 2384 id
765 2314 857 2412 quod
876 2338 927 2385 res
945 2312 1003 2386 est.
1276 2340 1315 2390 tu

351 2440 446 2515 Hanc
462 2436 523 2513 tibi
541 2436 635 2510 dono
647 2437 715 2527 do,
735 2461 843 2536 neque
859 2455 976 2534 repeto
990 2460 1053 2533 pro
1070 2435 1122 2511 illa
1135 2436 1315 2537 quidquam

521 2559 578 2632 abs
598 2581 631 2634 te
649 2554 767 2657 pretii.⁸

357 2688 394 2760 C.
410 2686 453 2759 Er
464 2682 599 2757 habetur
610 2739 621 2776 ‚
634 2702 668 2763 et
681 2682 839 2758 reseretur
847 2700 864 2772 ,ζ
871 2686 993 2781 Thais,
1006 2688 1051 2762 ita
1065 2687 1113 2761 uti
1127 2685 1245 2783 merita
1257 2714 1315 2779 es,

523 2809 634 2908 gratia.

357 2941 395 3011 T.
408 2940 454 3009 At
465 2934 552 3009 enim
566 2956 661 3024 gave,
674 2957 715 3003 ne
728 2935 840 3030 prius,
852 2962 951 3034 quarn
965 2938 1050 3013 hanc
1063 2961 1082 3010 a
1093 2961 1147 3018 tue
1162 2935 1315 3035 accipias,

524 3059 677 3146 amittas,
697 3058 842 3133 Chreme
857 3087 866 3133 τ

354 3189 442 3270 Nam
461 3187 542 3261 haec
564 3209 602 3257 ea
621 3182 689 3269 est,
707 3207 806 3279 quam
830 3186 921 3260 mites
942 3214 961 3261 a
985 3214 1038 3261 rue
1052 3187 1088 3261 vi
1108 3210 1197 3259 nunc
1218 3212 1315 3289 erep·

525 3331 598 3384 tum
614 3323 737 3381 vemt..
846 3324 850 3331 '

354 3423 422 3518 'uhi
442 3452 480 3509 tu
492 3486 504 3524 ,
516 3431 667 3507 cistellam
681 3483 692 3519 ,
708 3427 842 3528 Pythias
853 3481 865 3522 ,
879 3429 985 3507 domo
998 3431 1078 3506 effer
1098 3457 1176 3511 cum
1196 3460 1315 3519 mouu-

526 3555 645 3628 mentis
661 3571 688 3628 ⁴.
1207 3536 1211 3544 ¹
1277 3588 1315 3665 ις

388 3704 809 3774 rSieAcid.roniecit&Bentl.
868 3726 951 3787 quare
971 3703 1058 3767 'I'hais
1076 3728 1141 3769 eum
1161 3706 1250 3770 statim
1266 3732 1315 3773 ex-

357 3803 467 3866 duobus
480 3799 574 3862 codd.
587 3798 725 3860 firmatum
737 3818 812 3858 rece·
871 3795 951 3857 solvit
973 3817 1046 3859 cura.

356 3900 397 3983 pit
408 3918 460 3979 pro
469 3893 545 3974 vulg.
561 3894 606 3973 qut'
616 3896 632 3952 ?
643 3897 718 3975 quast
727 3894 808 3975 istuc,
913 3909 926 3969 3
939 3890 1065 3969 Quidais
1075 3893 1090 3950 ἓ
1101 3892 1315 3973 percuntativum

356 3990 433 4073 quod
455 4008 552 4073 parum
575 4006 668 4069 aptum
688 3987 717 4049 h.
742 3986 759 4047 l.
779 3987 812 4048 &
871 3983 978 4057 est3uti
990 3984 1053 4044 illud
1070 3986 1171 4044 aisne?

359 4086 416 4169 sqq.
769 4160 773 4168 Ι
912 4084 966 4157 ⁴¹¹·
975 4106 1000 4146 e.
1011 4082 1217 4169 fignis‚quibus
1225 4089 1315 4175 agnou

403 4176 811 4261 αΕκῐὴῃιιῐταάοΙεΐεεπς,φιοά
869 4196 955 4243 catur.

361 4267 437 4339 (brot
454 4275 482 4332 itt
498 4275 584 4341 domu
601 4276 752 4337 meretricia
762 4274 811 4349 stt3
