2809 5234
2237 1007 2328 1060 XL

449 1151 722 1223 excludit
751 1147 1146 1219 Phaedriam.
1179 1143 1385 1221 ,Ηίηε
1432 1140 1536 1210 ille
1563 1138 1767 1232 primo
1814 1141 2146 1233 irascitur:
2183 1175 2273 1240 po
2328 1198 2356 1236 ‚

450 1272 697 1341 accepta
714 1245 883 1337 saHi
907 1248 1183 1327 ratione,
1208 1271 1250 1312 a
1283 1241 1516 1311 Thaide
1535 1242 1806 1309 lenitur:
1831 1235 1897 1310 δ’
1921 1245 1988 1309 in
2012 1152 2357 1338 hiduispsj,

453 1354 611 1416 tium
621 1347 850 1437 sponte
881 1345 1211 1413 concedens
1251 1339 1462 1421 militi,
1489 1363 1595 1406 rus
1623 1335 2039 1429 proficifiitur.
2085 1346 2359 1413 Statim·

453 1471 566 1535 que
591 1471 665 1513 ne
690 1445 771 1512 ab
794 1446 1033 1510 aemulo
1061 1438 1403 1509 muneribus
1417 1435 1810 1526 superaretur
1825 1487 1845 1516 ‚
1870 1438 2251 1511 Eunuchum
2289 1438 2359 1515 6·

446 1545 718 1632 puellam
746 1539 1132 1609 Parmenoni
1168 1537 1322 1606 iubet
1355 1535 1572 1605 abiens
1608 1536 1702 1602 ad
1721 1535 2021 1604 Thaidem
2056 1540 2356 1614 deducere.

462 1644 689 1709 Verum
722 1638 986 1707 Chaerea
1011 1634 1212 1726 ftater
1235 1632 1575 1700 Phaedriae
1608 1656 1756 1702 tunc
1788 1632 2045 1724 ephebus
2064 1685 2085 1721 ,
2112 1635 2248 1726 visa
2284 1640 2357 1709 in

452 1739 557 1805 via
594 1738 852 1830 virgine,
883 1735 1319 1832 inflammatur
1360 1755 1561 1798 amore
1601 1731 1749 1800 eius.
1802 1735 2017 1822 Atque
2061 1757 2129 1801 eo
2171 1735 2361 1832 evafit

453 1835 781 1903 vehementi
802 1837 1014 1903 ardore
1034 1885 1054 1919 ,
1101 1854 1170 1901 ut
1194 1855 1313 1922 pro
1336 1827 1648 1897 Eunucho
1691 1828 1811 1921 ipſs
1854 1831 2233 1903 deduceretur
2269 1835 2364 1904 ad

454 1933 771 2000 Thaidem.
810 1931 959 2000 Hac
984 1923 1286 2024 occasione
1308 1926 1538 1994 vitiata
1566 1926 1763 2020 virgo:
1796 1921 1860 1996 δ’
1886 1952 2042 1995 mox
2068 1930 2255 2014 civis,
2285 1926 2353 2001 6·

446 2030 671 2098 nobilis
695 2031 945 2122 cognita
963 2081 983 2113 ‚
1010 2030 1197 2097 datur
1218 2050 1382 2094 uxor
1411 2025 1701 2093 Chaereae
1718 2050 1744 2092 .·
1783 2025 2096 2094 Phaedria
2122 2055 2260 2097 vero
2287 2023 2355 2100 ὅ·

443 2129 614 2197 miles
664 2130 888 2196 rivales
903 2179 922 2209 ‚
964 2127 1142 2195 ambo
1183 2125 1506 2193 concordes
1545 2150 1659 2214 per
1696 2120 2038 2217 parasitum
2083 2129 2308 2196 redditi
2326 2179 2349 2212 ,

441 2227 754 2294 communi
778 2227 983 2294 amica
983 2221 1129 2319 fine
1156 2222 1479 2291 certamine
1499 2222 1848 2311 potiuntur.
1875 2221 1959 2289 In
1980 2224 2187 2310 primo
2213 2224 2352 2295 aHu

439 2324 743 2392 Phaedria
780 2322 1065 2408 exclusus
1098 2348 1138 2389 a
1181 2321 1449 2391 Thaide.
1481 2314 1547 2390 G·
1570 2318 1779 2411 ficum
1805 2320 2015 2411 primo
2033 2369 2054 2403 ,
2093 2316 2158 2389 δ’
2199 2349 2354 2392 mox

439 2446 576 2489 cum
602 2421 992 2489 Parmenone
1008 2421 1388 2511 conqueritur
1396 2418 1702 2508 fortunas
1704 2418 1875 2508 suas
1896 2442 1921 2484 .·
1951 2411 2015 2486 ὃ*
2037 2422 2128 2487 ad
2133 2418 2357 2519 postre-

437 2543 608 2585 mum
653 2542 856 2586 coram
897 2519 1144 2607 accusat
1189 2519 1510 2587 Thaidem.
1555 2517 1795 2608 Rursus
1832 2519 2237 2607 permulcetur
2272 2518 2354 2586 ab

437 2616 642 2681 eadem
666 2638 690 2681 .·
732 2608 795 2682 G*
823 2617 1137 2685 voluntate
1158 2618 1537 2708 digrediens,
1563 2641 1668 2684 rus
1683 2614 1817 2705 fise
1845 2608 2250 2712 conceffitrum
2280 2617 2355 2685 in

422 2709 715 2803 spatium
743 2712 909 2778 bidui
933 2707 1043 2806 effi
1060 2715 1387 2801 promittit.
1444 2716 1769 2781 Secundus
1794 2711 1967 2781 ac'lus
1984 2765 2005 2797 ,
2025 2712 2356 2805 proseilio·

438 2833 582 2875 nem
628 2807 974 2875 Phaedriae
1026 2809 1297 2876 continet
1334 2812 1674 2900 delegantis
1709 2811 1893 2896 firvo
1935 2812 2354 2880 deduil'ionem

438 2905 780 2986 Eunuchi,
812 2898 878 2974 G·
896 2907 1137 2995 puellae
1162 2907 1253 2972 ad
1279 2907 1603 2976 Thaidem.
1657 2907 1820 2975 Tum
1855 2906 2211 3004 Parasitum
2253 2912 2355 2978 lo-

438 3026 713 3094 quentem
734 3054 755 3087 ‚
773 3027 886 3093 per
905 3028 1079 3096 quem
1108 3003 1280 3095 virgo
1310 3029 1350 3070 a
1376 3004 1569 3071 milite
1592 3005 1759 3071 dono
1781 3006 2018 3074 amicae
2049 3004 2223 3102 miffa
2256 3006 2357 3104 est.

419 3103 605 3187 *Turn
636 3104 1043 3170 interventum
1079 3101 1370 3171 Chaereae
1398 3105 1679 3170 amantis
1708 3103 2006 3195 virginem
2026 3157 2048 3188 ,
2069 3108 2359 3173 eiusdem·

438 3225 549 3290 que
590 3225 726 3267 cum
772 3199 1165 3269 Parmenone
1209 3198 1531 3302 confilium
1569 3203 1643 3269 de
1676 3201 1882 3267 eadem
1921 3202 2223 3289 potienda
2250 3227 2362 3290 per

423 3295 759 3383 fallaciam
781 3321 805 3363 .·
851 3301 1002 3388 quia
1020 3326 1134 3390 pro
1165 3301 1477 3368 Eunucho
1514 3300 1639 3392 ipse
1665 3298 2058 3389 fitnponitur
2102 3299 2360 3364 Thaidi.

442 3394 683 3462 Tertius
724 3393 894 3464 ailus
938 3395 1323 3467 charaHerem
1357 3399 1661 3491 exprimit
1694 3398 1962 3479 militis,
1994 3389 2057 3463 G·
2095 3392 2363 3490 parasiti

427 3516 538 3579 per
558 3493 881 3561 ridiculum
909 3499 1295 3588 colloquium.
1343 3499 1503 3565 Tum
1530 3494 1971 3563 invitationem
1996 3495 2086 3561 ad
2104 3519 2357 3561 coenam

441 3588 723 3660 Thaidis.
781 3592 945 3660 Tum
989 3597 1360 3664 oblationem
1403 3599 1569 3663 velue
1609 3592 1909 3662 Eunuchi
1951 3592 2247 3660 Chaereae
2291 3585 2359 3659 G·

424 3691 663 3773 puellae
705 3715 788 3758 ex
830 3693 1171 3783 Aethiopia
1213 3719 1324 3782 per
1374 3693 1828 3759 Parmenonem
1863 3689 2132 3780 jai‘t‘am.
2193 3691 2357 3759 Turn
2420 3712 2439 3749 t

437 3787 613 3852 verba
652 3789 979 3856 Chremetis
1016 3792 1107 3857 ad
1141 3792 1442 3858 Thaidem
1485 3788 1823 3869 venientis,
1848 3789 2234 3882 perduiiique
2274 3787 2367 3853 ad

430 3881 707 3949 militem.
756 3886 830 3950 A
834 3885 1160 3973 ntiphonis
1192 3887 1248 3954 C
1247 3887 1605 3976 haereaeque
1634 3888 1998 3977 colloquium
2030 3889 2103 3955 de
2129 3889 2359 3955 vitiata

423 4002 534 4065 per
557 3978 769 4045 dolum
804 3979 1056 4068 virgine.
1109 3983 1190 4048 In
1221 4005 1446 4070 quarto
1481 3982 1620 4050 aHu
1646 3984 1895 4054 Dorias
1935 3985 2196 4053 nuntiat
2230 3983 2360 4048 iur-

430 4075 603 4163 gium
631 4076 791 4142 inter
814 4076 1071 4145 militem
1102 4073 1168 4146 G*
1199 4079 1497 4147 Thaidem
1518 4104 1543 4146 .·
1585 4102 1715 4148 turn
1756 4084 2013 4150 reditum
2054 4081 2236 4147 habet
2273 4101 2356 4142 ex

435 4174 592 4242 villa
620 4173 973 4244 Phaedriae
991 4198 1017 4242 .·
1057 4170 1123 4244 6·
1152 4179 1454 4264 querelam
1479 4179 1748 4269 Pythiae
1772 4182 1843 4247 de
1864 4180 2094 4245 vitiata
2122 4175 2359 4268 virgine

433 4274 610 4362 apud
646 4273 1029 4342 Phaedriam
1047 4297 1075 4343 .·
1118 4267 1183 4342 ἃ
1210 4275 1466 4342 eundem
1472 4276 1814 4373 stupentem
1845 4275 2014 4366 quod
2043 4274 2355 4343 audiebat.

432 4371 712 4440 Errorem
759 4373 907 4441 ebrii
957 4371 1292 4442 Chremetis
1313 4396 1338 4439 .·
1376 4366 1444 4441 δ’
1485 4375 1665 4442 verba
1693 4371 2053 4465 petulantia
2101 4371 2358 4442 Thaidis

436 4469 758 4559 adversum
785 4472 1046 4541 militem
1060 4523 1083 4563 ,
1113 4466 1180 4541 δ’
1206 4471 1429 4541 militis
1454 4470 1775 4565 adversum
1798 4470 2087 4541 Thaidem
2107 4495 2136 4542 .·
2161 4497 2359 4563 para-
