2809 5234
261 584 312 656 74
511 558 549 631 P.
605 550 1002 632 TERENTII

262 723 423 812 Omnes,
447 718 573 817 quibus
599 744 653 792 res
683 716 762 791 sunt
784 717 898 791 minus
914 713 1243 817 secunduma&

455 839 533 912 sunt
553 839 669 914 nescio
686 864 760 937 quo
776 838 887 911 modo

263 957 445 1056 Suspiciofi
467 982 475 1027 :
498 959 541 1057 ed
565 957 814 1033 contumeliam
831 956 950 1032 omnia
970 957 1147 1058 accipiunt
1161 983 1242 1061 nea·-¹
1267 1019 1272 1029 .

460 1105 535 1178 g1s:
1028 1162 1040 1196 ·
1156 1131 1162 1145 .
1189 1107 1231 1176 ¹5

261 1204 412 1301 Propter
436 1200 530 1276 suam
554 1201 798 1302 impotentiam
817 1219 856 1293 ¹,
875 1198 910 1276 se
928 1199 1065 1301 semper
1089 1201 1242 1277 credunt

467 1322 608 1396 laedier.

264 1447 493 1547 Quapropter
515 1467 550 1521 te
580 1447 691 1545 ipsum
713 1472 860 1547 purgare
877 1446 940 1547 ipfi
957 1470 1076 1523 coram
1092 1499 1104 1540 ,
1122 1446 1241 1547 placa-

456 1565 560 1638 bilius
589 1565 648 1640 est.

197 1716 204 1737 ·
266 1690 317 1759 Μ.
337 1685 381 1756 Et
399 1687 491 1756 τεᾶς
506 1738 519 1775 ,
537 1704 573 1758 et
590 1710 717 1767 verum
737 1683 833 1758 dicis.
853 1686 902 1757 H.
918 1681 1061 1786 sequere
1073 1705 1129 1756 me
1149 1707 1243 1781 ergo

461 1798 526 1872 hac
551 1799 657 1877 intro.
689 1806 742 1874 M.
776 1823 951 1877 maxume.
1071 1819 1073 1822 ’

421 1977 584 2047 Αεῑω
628 1978 702 2048 ιν.
756 1978 925 2048 scm
1000 1977 1076 2050 rs.

569 2091 939 2196 Aescnmus.

268 2232 535 2402 Dlscrucior
555 2317 671 2392 animi.
696 2316 846 2392 hoccine
869 2318 913 2393 de
934 2315 1131 2417 improviso
1154 2316 1243 2394 mali

457 2442 544 2515 mihi
568 2443 676 2518 obiici
1113 2458 1117 2463 '
1241 2476 1243 2481 ·

265 2565 445 2656 Tantum,
468 2582 507 2637 ut
534 2591 648 2665 neque
670 2566 755 2665 quid
784 2568 828 2641 de
856 2591 912 2640 me
943 2563 1089 2653 faciam,
1121 2583 1245 2660 neque

466 2688 550 2786 quid
576 2714 675 2785 agam
692 2741 704 2778 ‚
723 2708 859 2762 certum
875 2687 960 2760 fiet?

264 2809 423 2882 Membra
443 2829 539 2882 metu
560 2808 687 2882 debilia
703 2809 783 2884 sunt
796 2836 805 2881 ε
819 2811 953 2885 animus
969 2807 1095 2882 timore
1118 2804 1245 2881 obstu-

464 2934 541 3031 puit
557 2957 566 3001 τ
583 2933 724 3030 ρεᾶοτε

266 3054 458 3129 Confistere
487 3055 573 3127 nihil
603 3054 724 3127 confili
750 3057 942 3156 quidquam
968 3054 1094 3155 potest.
1124 3052 1240 3128 Vah!

462 3178 648 3276 quomodo
1234 3204 1237 3210 ·

310 3343 322 3380 1
355 3322 410 3381 Res
445 3324 540 3381 minus
573 3318 710 3380 secundae
793 3319 869 3393 bam,
885 3311 1239 3402 quamfeciebatpsaltriae

266 3425 415 3503 impotentia
442 3425 536 3486 lenius
559 3425 708 3498 dicuntur,
791 3426 907 3507 raptio,
926 3424 1052 3506 indeque
1069 3440 1133 3482 otte
1147 3414 1242 3500 suspi-

267 3550 352 3611 quam
356 3547 499 3608 paupertas
511 3539 538 3588 &
546 3531 643 3610 inopia.
651 3527 710 3588 Sed
793 3531 850 3588 cio.
867 3527 1016 3610 Trepidus
1029 3525 1144 3587 tandem
1156 3545 1245 3585 acce-

267 3655 340 3715 quae
357 3635 391 3693 iis
412 3636 542 3694 accidunt
556 3658 573 3696 a
586 3636 712 3717 potenti·
796 3638 837 3698 dit
864 3637 900 3698 ad
930 3634 1006 3695 fores
1025 3619 1182 3706 Sestratne,
1211 3635 1247 3699 se

266 3741 337 3814 bus,
356 3743 488 3824 graviora
505 3743 619 3803 ducunt.
794 3741 890 3824 ipsum
919 3758 1114 3823 purgaturus,
1141 3732 1192 3792 sed
1224 3762 1246 3804 a

309 3866 324 3900 2
350 3843 455 3905 Aesch.
476 3845 632 3906 ostenditur
651 3870 708 3927 pro
791 3824 890 3930 patre,
909 3844 1090 3906 releuaret!
1104 3837 1242 3922 ipfisae.

265 3951 710 4032 ingeniibonitatemaximesol·
792 3948 1062 4032 dibu5,excipitur·
1187 3969 1189 3973 ’

264 4054 360 4117 licitus
378 4059 412 4118 de
430 4059 478 4118 suo
491 4081 589 4122 amore
601 4062 639 4122 ob
652 4081 709 4121 tut-
