2809 5234
253 869 302 937 24
506 842 975 966 lannattTtt

251 1005 380 1082 adeon’
392 1030 496 1106 pomo
511 1009 687 1106 ingratum,
697 1022 754 1077 aut
760 1004 994 1114 inhumanum,
1005 1020 1061 1076 aut
1072 1004 1212 1078 serum?

251 1135 301 1206 Ut
334 1155 441 1232 neque
471 1157 527 1206 me
554 1127 785 1217 consuetudo,
810 1116 919 1227 neque
950 1153 1073 1217 amor,
1102 1151 1213 1225 neque

266 1352 268 1358 Ι
418 1242 532 1354 pudor
1166 1275 1212 1351 45

250 1378 498 1468 Commoveat,
511 1401 618 1475 neque
632 1397 845 1452 commoneat
857 1422 870 1461 ‚
883 1397 918 1450 ut
930 1375 1058 1451 servem
1076 1378 1178 1455 sidem
1196 1384 1212 1456 l

229 1560 231 1565 .
251 1507 303 1576 Μ.
323 1504 437 1577 Unum
461 1503 529 1574 hoc
544 1499 633 1588 scio,
648 1501 733 1575 hanc
755 1506 906 1574 meritam
931 1499 1019 1586 elle,
1035 1524 1071 1577 ut
1083 1530 1215 1579 memor

419 1624 501 1699 effes
517 1623 577 1697 sui.

251 1746 651 1837 attemptatum
677 1748 810 1848 Mysis,
840 1748 973 1847 Mysis:
1001 1746 1214 1878 etiamnunc

100 1856 106 1862 ¹
396 1873 533 1957 mihi

249 1998 382 2096 Scripta
403 1997 455 2070 illa
481 1997 565 2071 dida
595 1995 728 2070 summ
754 1998 869 2070 animo
894 1997 1067 2097 Chrysidis

134 2122 139 2129 '
249 2124 308 2196 De
334 2123 508 2223 Glycerio.
531 2123 598 2198 iam
619 2121 723 2193 ferme
742 2122 889 2194 moriens
909 2147 962 2194 me
987 2141 1111 2197 vocat:
1168 2150 1213 2224 50

215 2336 218 2342 ι
250 2247 405 2325 Acceffit
430 2272 495 2323 vos
516 2247 680 2321 semotaez
705 2269 767 2320 nos
786 2244 872 2319 solit
894 2245 1035 2341 incipit:

182 2429 184 2431 >
250 2374 301 2445 Mi
323 2371 510 2469 Pamphile,
524 2371 621 2443 huius
636 2368 783 2441 formam
798 2390 895 2467 atque
906 2352 1045 2444 aetatem
1059 2371 1163 2447 videa.

195 2480 200 2490 ⁸
251 2494 326 2571 isac
352 2498 436 2570 dam
464 2518 497 2569 te
522 2497 594 2585 ess,
620 2517 719 2592 quam
745 2491 793 2567 illi
819 2508 1008 2592 utraeque¹
1046 2522 1099 2571 res
1124 2523 1213 2575 nunc
1310 2502 1315 2511 '

163 2600 166 2619 ¹
421 2621 584 2693 ²inutiles

251 2748 293 2819 Et
314 2745 364 2818 ad'
382 2744 574 2843 pudicitiam
596 2766 630 2817 et
653 2743 695 2816 ad
719 2766 790 2816 rem
814 2744 984 2817 tutandam
1011 2746 1103 2819 stent,
1160 2804 1167 2817 .

250 2870 356 2962 Quod
378 2893 442 2970 ego
455 2890 489 2941 te
502 2870 689 2968 perhanc3
714 2869 864 2943 dextram
887 2890 974 2954 oro,
993 2889 1027 2942 et
1040 2868 1211 2968 ingenium

291 3046 294 3053 -
421 3011 539 3079 tuum,
1104 2995 1108 3002 '
1166 3019 1208 3096 55

251 3104 314 3218 Pet
334 3136 426 3211 tuam
447 3116 570 3203 fidem,
594 3143 719 3216 perque
739 3114 835 3188 huius
859 3114 1070 3191 solitudinem

251 3243 303 3317 Te
326 3241 501 3345 pbteslor„
520 3266 564 3314 ne
580 3242 636 3314 abs
649 3264 681 3314 te
695 3244 780 3314 hanc
793 3217 961 3339 segreges,
974 3267 1038 3316 neu
1051 3241 1188 3318 deseras.

251 3367 287 3438 Si
313 3389 346 3440 te
368 3367 404 3440 in
428 3366 575 3466 germani
597 3365 707 3439 statris
730 3365 829 3439 dilexi
850 3367 950 3455 loco,
1084 3352 1089 3359 ¹

159 3516 161 3521 ’
252 3491 334 3562 Sive
358 3489 441 3564 haec
455 3513 499 3567 te
524 3490 633 3564 solum
660 3488 790 3587 semper
808 3487 886 3564 feeit
911 3493 1082 3583 maxumi,

251 3616 316 3687 Seu
332 3611 396 3684 tibi
419 3613 584 3712 morigera
608 3613 672 3689 suit
696 3615 733 3688 in
756 3615 855 3724 gebus
879 3616 1047 3690 omnibus.
1161 3616 1210 3709 69

251 3755 269 3804 ⁴
285 3735 337 3815 Te
351 3733 402 3812 isti
416 3735 527 3811 vitum
540 3738 604 3831 do,
623 3738 768 3815 amicum
781 3791 793 3831 ,
806 3755 950 3815 tutorem
964 3794 975 3834 ‚
989 3760 1113 3840 patrem
1128 3766 1139 3817 t

265 3995 393 4059 tUnus
403 3993 490 4079 Lugd
499 3994 701 4062 nonhabetres
802 3998 965 4081 3Tenebat
987 3998 1061 4103 ¹enim
1078 4016 1162 4070 eum,
1182 4009 1212 4057 ut
1266 4028 1269 4034 ·

293 4104 374 4167 alta
392 4100 585 4188 Mss.1.ugd
606 4125 703 4166 omnes
760 4124 880 4190 apparet

251 4211 290 4280 δὲ
313 4211 383 4274 bene
407 4210 527 4275 defendit
558 4209 699 4279 Daeietia.
798 4237 818 4289 4
845 4212 946 4273 Sermo
975 4205 1110 4269 nauus
1104 4205 1213 4269 iatnhm

253 4315 300 4383 Al
317 4316 397 4423 MSS.
416 4320 506 4386 utiles
760 4316 882 4405 spiritum
907 4311 1213 4378 animalitatem
