2809 5234
568 346 572 347 ⁷
602 345 694 355 --r-nw

247 848 250 854 ¹
369 759 462 833 Au
513 758 901 832 urcuuru.
1077 777 1200 852 409,

185 930 288 1000 nem)
305 949 417 1005 uerum,
437 920 591 1012 idemque
608 929 821 987 criminationem
833 919 938 1006 falsam
958 920 1106 986 oceuttit.
1121 942 1152 987 v.

183 1010 289 1081 Gesn.
314 1016 346 1079 in
370 1012 451 1082 thes.
1149 1044 1170 1091 ·,

128 1107 141 1130 ’
227 1130 304 1194 pag.
334 1113 394 1199 363
416 1106 473 1172 lin.
502 1127 532 1198 5.
555 1134 587 1170 nc
608 1133 647 1170 me
663 1112 692 1169 iu
711 1113 789 1170 breve
808 1130 835 1170 c.
854 1125 874 1166 t.
890 1098 949 1168 Al.
968 1108 998 1166 in
1011 1107 1089 1165 breve
1104 1107 1174 1166 huc

183 1217 293 1283 tempus.
307 1192 370 1265 Sed
382 1197 409 1266 F
411 1221 495 1265 aern.
507 1215 544 1264 ut
556 1196 739 1264 consuleret
752 1192 935 1274 trochaico,
949 1191 1075 1261 delevit
1088 1200 1157 1274 hoc,

183 1288 274 1375 quod
289 1297 348 1356 trec
362 1289 482 1357 habent
502 1286 589 1357 Cod.
616 1287 705 1356 vict.
728 1286 861 1375 aliique.
878 1287 959 1353 Alia
976 1309 1055 1354 vero
1070 1284 1160 1377 diffi-

103 1407 106 1419 ·
182 1379 287 1447 cultas
304 1381 349 1447 est
363 1385 396 1448 in
408 1381 509 1452 verbo
524 1389 675 1461 coniicias,
691 1387 723 1448 &
734 1378 970 1446 construiiione
981 1376 1159 1446 cuminfin.

180 1475 250 1556 frui.
282 1469 401 1541 Sensus
431 1472 564 1563 quidem
591 1472 660 1539 fere
689 1471 779 1541 idem
808 1468 853 1538 est
885 1494 961 1537 cum
983 1469 1069 1536 diuo
1097 1469 1160 1535 iilo

184 1561 310 1632 Heaut.
329 1563 383 1647 ii,
406 1590 446 1647 2,
467 1586 503 1660 51
522 1594 554 1632 ne
575 1593 615 1629 mc
634 1572 664 1628 ir
680 1571 814 1630 laetitiam
825 1566 927 1649 frustra
941 1569 1082 1628 coniicias.
1094 1558 1162 1628 Sed

185 1655 251 1721 alia
277 1656 379 1748 longe
403 1661 526 1743 verba;
547 1678 656 1744 neque
683 1656 779 1724 facile
805 1681 822 1722 a
847 1655 974 1741 probari
999 1653 1164 1721 credimus

186 1755 217 1811 irr
242 1769 345 1835 tempus
369 1758 447 1816 breve
469 1757 602 1816 coniicias
622 1754 682 1814 &c.
706 1745 796 1816 Hinc
819 1680 931 1815 Bentl.
955 1767 1014 1833 pro
1028 1752 1164 1810 coniicias

187 1836 310 1926 absque
334 1838 445 1912 Codd.
466 1839 523 1909 sed
543 1863 602 1927 pro
625 1842 763 1929 ingenio
783 1837 842 1907 suo
867 1837 970 1906 edidit
989 1847 1018 1902 in
1039 1845 1079 1902 br.
1100 1843 1163 1923 pel-

188 1935 271 1996 licias
286 1955 308 2001 c.
322 1961 348 2022 g.
364 1941 393 2002 Ιι.
409 1937 439 2021 f.
466 1932 543 2002 Nos
558 1929 709 2012 facilius,
730 1928 969 1998 ficonieuurae
987 1930 1079 1997 locus
1100 1927 1162 2011 su,

190 2021 351 2093 audemus
368 2050 423 2095 :nc
436 2035 472 2092 nri
488 2035 517 2090 in
529 2032 568 2091 br.
583 2029 715 2106 conficias
729 2045 833 2109 tempus
845 2049 871 2110 g.
888 2029 913 2086 Ιι.
921 2025 951 2107 f.
961 2023 990 2107 f
1005 2028 1038 2088 &
1052 2021 1164 2087 infini-
1269 2084 1273 2090 ,

187 2117 259 2184 tivo
271 2117 463 2206 affignamus
477 2121 546 2187 vim
565 2112 760 2195 accusativi,
775 2121 872 2202 gaudii
885 2111 981 2180 huius
1001 2111 1068 2180 falfi
1080 2117 1165 2198 fruc-

190 2231 255 2271 tum.
274 2216 412 2290 conficias
425 2227 536 2276 autem
560 2208 647 2276 foret
671 2204 761 2274 idem
781 2229 817 2273 ac
833 2209 947 2293 ffflum
961 2203 1099 2271 habccss.
1115 2203 1165 2271 sa-

191 2301 235 2364 tis
255 2297 372 2366 habeas
390 2297 511 2368 feciffe.
526 2298 567 2366 cf.
585 2300 626 2366 ad
646 2296 731 2367 Eun.
746 2297 794 2380 V,
809 2321 850 2382 4,
872 2303 901 2369 6.
915 2296 974 2364 An
990 2295 1084 2363 malis
1098 2321 1166 2359 con-

191 2395 314 2454 iiciam?
334 2387 502 2477 quomodo
518 2414 597 2457 mox
613 2390 740 2460 inverse
755 2416 786 2461 v.
802 2416 826 2477 4
841 2388 919 2457 dicit
933 2397 1030 2469 timeo,
1041 2416 1073 2453 rte
1087 2393 1169 2452 aliud

191 2487 297 2544 credam
312 2531 323 2562 ‚
343 2505 424 2567 arque
441 2481 522 2545 aliud
541 2489 659 2548 nunties.

155 2634 157 2637 .
233 2590 312 2662 pag.
341 2580 402 2664 366
424 2571 481 2638 lin.
511 2591 538 2662 5.
559 2579 692 2638 occultum
718 2577 765 2639 iri.
803 2571 906 2662 Quod
932 2572 1016 2642 bene
1038 2574 1166 2642 invenit

191 2658 303 2730 Bentl.
328 2689 370 2732 ex
391 2670 522 2730 occultari
535 2693 549 2744 ,·
575 2667 628 2733 cui
653 2665 710 2732 alii
733 2686 862 2753 praeter
886 2663 1016 2736 versum
1042 2665 1167 2733 addunt

213 2783 228 2819 0
252 2785 274 2822 C.
963 2798 969 2817 t

189 2759 314 2938 Pliag.
334 2854 395 2940 367
410 2847 465 2916 lin.
480 2874 498 2918 2
518 2847 586 2939 sqq.
601 2878 638 2916 an
653 2853 905 2935 remere--ususfic
922 2848 1025 2942 Quod
1042 2847 1167 2916 diuum

193 2938 299 3029 vulgo
318 2943 472 3008 tribuitur
491 2939 707 3024 Parmenioni,
724 2946 769 3010 ita
787 2961 825 3009 ut
845 2966 924 3009 mox
945 2950 1075 3033 legatur
1090 2948 1167 3006 Pcr—
1214 2966 1221 2982 *

194 3054 328 3095 menonem
343 3059 357 3111 ;
377 3039 408 3098 &
434 3029 550 3100 Bemb.
573 3033 739 3121 Pamphili
770 3032 856 3101 didio
883 3033 995 3109 addit,
1018 3053 1168 3101 ceterum

194 3124 313 3189 reiiius
335 3121 456 3192 habens
471 3131 629 3208 Parmeno,
646 3125 736 3213 quod
754 3122 872 3193 Faerni
889 3129 1018 3193 monitu
1032 3124 1169 3194 &versu

195 3211 353 3302 poscente
375 3240 449 3283 cum
477 3213 585 3286 Bentl.
611 3221 818 3305 recipimus:
842 3217 874 3284 id
894 3219 1013 3286 melius
1029 3214 1170 3286 Donato

196 3326 372 3393 praeeunte
396 3309 585 3400 affignamus
608 3308 782 3390 Bacchidi,
804 3317 890 3377 ut&
909 3308 988 3377 haec
1006 3308 1117 3376 abiens
1134 3314 1170 3377 in

196 3395 374 3468 deridenda
402 3400 543 3469 hominis
565 3400 749 3471 curiositate
772 3410 804 3470 δι
824 3403 972 3469 iactantia
992 3420 1099 3491 partes
1112 3400 1170 3468 ha-

196 3488 282 3558 beat.
305 3489 358 3559 Sic
375 3517 455 3561 vero
479 3492 572 3563 Don.
595 3495 620 3566 s.
644 3494 790 3583 quisquis
815 3491 853 3563 fit
873 3517 882 3563 ε
899 3502 1027 3561 converit
1042 3501 1092 3559 hoc
1105 3502 1169 3559 dic·-

197 3604 253 3648 tum
269 3593 401 3652 meretrici
416 3593 535 3651 abeunti.
