2809 5234
965 516 977 535 0
1287 528 1292 537 ι

95 576 105 593 Q

246 822 320 943 ψ’
451 804 971 963 ¹nituerunt

239 1014 366 1093 Consta
375 1070 388 1108 ,
398 1018 527 1115 egregia
542 1017 675 1104 forma,
692 1037 791 1116 atque
804 1036 910 1092 aetate
923 1020 1062 1120 integrm
1159 1034 1205 1120 45

238 1145 295 1211 So.
312 1140 379 1213 Hei
389 1167 534 1231 vereor,
549 1168 590 1215 ne
605 1143 687 1238 quid
703 1142 826 1215 Andria
839 1124 992 1242 a'pportet
1004 1144 1095 1218 inali.

239 1268 287 1339 ti.
301 1263 446 1339 Primum
464 1269 546 1338 haec
567 1263 689 1361 pudice
706 1246 833 1354 vitant,
848 1295 945 1365 parce
960 1295 999 1345 ac
1014 1269 1143 1343 duriter

129 1410 136 1429 ·
239 1391 385 1488 Agebat,
408 1391 481 1461 lana
496 1412 534 1459 ac
551 1387 613 1459 tela
629 1389 751 1461 vidum
766 1396 974 1488 quaeritans:

91 1490 109 1553 '-
238 1511 301 1587 sed
315 1515 489 1612 postquam
504 1536 616 1585 amans
630 1513 783 1600 acceffit,
803 1518 947 1612 pretium
959 1521 1147 1614 pollicens,

167 1650 174 1681 ¹
235 1624 332 1717 Unud
344 1658 378 1711 et
392 1636 481 1709 idem
494 1636 598 1724 alter,
612 1638 656 1711 ita
668 1660 706 1713 ut
719 1639 888 1738 ingenium
900 1640 946 1713 est
958 1645 1111 1719 omniunt
1157 1666 1208 1742 50

236 1746 461 1835 Hominum'a
472 1761 585 1837 labore
603 1763 757 1860 proclive
778 1764 820 1835 ad
836 1763 1016 1849 lubidinem
1031 1793 1046 1854 ς

236 1886 378 1997 Accgpit
395 1886 625 1959 conditionem
642 1941 653 1977 ,
672 1886 750 1959 dein
768 1887 939 1984 quaestum
953 1889 1087 1986 occipit.
1221 1974 1224 1988 1

236 2006 307 2104 Qui
322 2027 393 2101 tunt
408 2010 495 2082 illam
509 2012 687 2098 amabant,
707 2011 820 2101 sorte,
838 2012 883 2084 ita
899 2032 937 2083 ut
951 2010 988 2084 fit
1000 2066 1012 2102 ,
1025 2011 1132 2088 filium
1206 2026 1211 2041 '

236 2132 423 2208 Perduxere
430 2133 529 2222 illuc,
546 2148 555 2181 ¹
573 2133 687 2207 seeum
704 2156 742 2207 ut
756 2159 824 2206 una
835 2132 1073 2222 circumeam.
1207 2164 1211 2173 ·

205 2284 209 2291 ·
236 2255 379 2350 Egomet
392 2253 558 2327 dontinuo
570 2278 702 2327 mecum
715 2280 725 2326 :
739 2272 827 2327 certe
841 2273 954 2352 captus
966 2255 1033 2330 est:
1160 2276 1202 2359 ’ς

147 2394 152 2403 ·
177 2404 196 2429 ν
235 2374 368 2448 Habet!
382 2375 602 2449 observabam
617 2368 713 2449 mane'
729 2375 864 2448 iliorum
883 2376 1036 2453 servulos

236 2496 426 2575 Venienteis
438 2551 450 2588 ,
462 2516 518 2569 aut
532 2497 723 2571 abeunteis:
740 2497 924 2597 rogitabant
936 2499 1064 2591 ,betu‚
1080 2525 1185 2598 puer,

235 2614 306 2688 Dic
319 2614 433 2705 sodes,
443 2617 597 2715 qtdtheri
607 2616 806 2716 Chryfidem
821 2616 959 2690 habuit?
970 2644 1047 2692 nam
1059 2619 1205 2694 Andriae

201 2741 207 2751 '
236 2738 284 2814 uli
307 2739 341 2812 id
365 2758 435 2813 erat
463 2763 597 2813 nomen.
624 2746 680 2815 So.
706 2763 819 2815 teneo.
845 2745 891 2817 Si.
916 2742 1126 2827 Phaedrum,
1148 2757 1205 2814 aut

335 2862 508 2950 Cliniam,
633 2952 636 2957 .

237 2984 424 3074 Dicebant,
434 3002 489 3057 aut
496 2981 690 3058 Niceratum
697 2976 741 3084 '·,(
750 3009 826 3058 nam
840 2974 955 3055 hi'tres
966 2997 1037 3054 tum
1049 2978 1144 3053 fimul
1157 2983 1206 3056 60

234 3105 437 3207 amabant.)
450 3109 539 3198 eho,
557 3109 640 3206 quid
661 3104 876 3206 Pamphilus?
894 3104 998 3204 quid?
1013 3102 1204 3205 symbohm

234 3230 365 3319 Dedit,
383 3230 554 3306 coenavit.
573 3228 770 3329 gaudebam.
781 3226 861 3300 item
877 3224 943 3297 alio
956 3223 1009 3327 die

235 3352 461 3446 Quaerebam:
481 3348 731 3447 comperiebam
746 3347 827 3421 nihil
839 3347 882 3421 ad
896 3343 1103 3451 Pamphilum

236 3472 433 3570 Quidquam
447 3454 598 3556 attineress
609 3467 787 3542 enimvero
807 3465 987 3568 spedatum
1001 3478 1016 3513 ²
1031 3454 1107 3540 satis
1264 3491 1269 3501 ·

237 3589 421 3678 Putabam,
438 3607 472 3660 et
484 3612 641 3690 magnum
653 3588 845 3685 exemplum
857 3583 1103 3659 continentiae:
1152 3585 1199 3683 65

238 3714 327 3799 Nam
339 3710 398 3810 qui
408 3734 484 3782 cum
496 3709 634 3809 ingeniis
647 3708 856 3785 conflidatur
869 3707 1057 3800 eiusmodi,
1178 3740 1182 3751 ¹

239 3834 357 3935 Neque
371 3835 607 3920 conimovetur
619 3829 749 3908 animus
761 3833 797 3909 in
810 3858 849 3908 ea
862 3855 899 3906 re
912 3845 926 3899 3
944 3847 1078 3931 tamen,

237 4038 693 4125 &consaliotuerenturviduasdt
751 4072 802 4115 nus
818 4052 902 4115 bene.
988 4034 1029 4123 't

120 4154 125 4164 '
188 4150 319 4231 'stabas
518 4188 522 4199 ·
790 4145 1204 4237 abe.probannnsc.Pam·

283 4261 395 4347 1Vulg
411 4261 689 4347 distinguunttperdu·
747 4260 862 4345 philam.

122 4457 124 4463 Ι
240 4389 301 4432 xm
315 4368 380 4429 illuc
392 4348 502 4451 sech,
518 4369 616 4434 uoto.
632 4368 687 4429 mi·
791 4360 890 4445 3MS.
913 4360 1007 4472 Mark.
1028 4378 1101 4434 tum,
1127 4356 1205 4442 quod
