2809 5234
429 727 523 801 in
572 679 959 798 uncinum.
1113 742 1186 816 407

262 911 339 977 pag.
360 909 418 980 333
430 887 488 956 lin.
506 912 535 955 r.
554 893 650 952 aberit.
668 882 722 959 Sic
738 884 841 953 edidit
858 880 974 952 Faern.
989 905 1031 951 ex
1048 879 1188 973 3C0dd.

215 984 409 1066 antiquioris
421 980 497 1048 fidei
509 1027 519 1053 ,
533 980 653 1047 reitius
665 999 763 1064 quarn
779 976 872 1066 vulg.
888 983 995 1041 abierit.
1012 971 1076 1041 Sed
1094 981 1126 1041 &
1145 999 1190 1041 0-

215 1070 360 1138 mifimus
378 1070 450 1158 post
474 1079 539 1137 iaec
558 1077 585 1137 i·
597 1077 650 1158 est,
665 1068 756 1157 quod
769 1067 880 1136 locum
892 1085 997 1134 mutat
1014 1069 1047 1131 in
1059 1064 1138 1134 Mis.
1153 1075 1188 1136 8c

215 1160 307 1320 gbest
326 1160 490 1231 trochaico
506 1160 602 1232 catal.
623 1163 723 1230 etiam
736 1158 896 1229 redundat
914 1159 957 1227 ob
977 1164 1011 1245 ‘fl
1033 1182 1111 1225 mox
1128 1157 1186 1225 ad·

173 1307 176 1320 .
239 1273 335 1320 itum.
780 1311 782 1314 .

230 1424 233 1429 ¹
261 1355 337 1435 pag.
355 1369 419 1437 334
432 1344 493 1412 lin.
515 1367 548 1436 7.
566 1353 694 1431 operiam.
720 1341 848 1413 Contra
868 1337 997 1408 Donati
1011 1360 1185 1425 mentem,

215 1434 319 1504 immo
346 1459 459 1505 contra
476 1436 639 1524 Pamphili
653 1435 844 1504 destinatam
867 1435 976 1500 animo
991 1431 1188 1503 sententiam

180 1526 182 1529 ’
215 1523 284 1608 lll,
298 1548 333 1618 5,
345 1552 389 1614 42
408 1527 523 1597 Faern.
536 1525 691 1615 rescripsit
700 1552 743 1595 ex
753 1526 819 1595 suis
836 1523 946 1594 Cudd.
960 1533 1090 1612 aperiam.
1107 1524 1145 1591 N
1147 1550 1186 1592 u-

215 1616 313 1688 strum
336 1620 471 1688 verbum
488 1618 534 1688 est
554 1623 587 1686 in
605 1619 679 1686 aliis
699 1617 808 1688 Codd.
825 1625 857 1685 δι
872 1616 1045 1704 probatum
1060 1614 1163 1685 Rivio
1173 1666 1187 1702 ,

214 1705 406 1792 Dacieriae,
428 1710 536 1780 Bentl.
557 1708 714 1797 aliisque,
739 1710 858 1799 quibus
872 1706 1067 1776 accedimus.

259 1827 336 1893 pag.
364 1819 422 1895 335
438 1803 494 1871 lin.
512 1828 563 1889 ¹4·
578 1798 696 1891 Vulgo
712 1810 739 1869 e
753 1810 803 1868 tibi
817 1808 893 1866 illam
900 1805 978 1885 fiale.
991 1798 1186 1869 Vetetioreu

212 1898 292 1962 illum
305 1901 356 1960 tibi
370 1903 397 1961 t>
411 1899 519 1980 illatus.
540 1891 617 1961 Nos
631 1900 702 1974 ribi,
720 1895 870 1981 quamvis
893 1889 987 1960 Don.
1009 1891 1185 1983 agnoscat,

214 2003 241 2053 a
259 1985 395 2055 librariis
419 1989 505 2056 male
531 1982 694 2076 ingestum
724 1992 756 2052 &
775 1984 883 2054 versui
910 1982 1080 2053 adversum
1108 2009 1186 2052 curn

214 2072 325 2146 Bentl.
342 2077 502 2147 delemus.
525 2077 571 2146 Et
588 2099 686 2165 quare
708 2078 810 2143 affinis
830 2072 923 2143 causa
939 2078 1068 2166 magis,
1085 2101 1187 2164 quam

214 2166 269 2236 sua
291 2173 396 2258 gratia
416 2170 581 2258 gaudeat?

260 2283 336 2348 pag.
362 2259 420 2349 338
436 2259 491 2326 lin.
510 2283 542 2349 7.
563 2264 761 2346 Remiffan’n
773 2254 911 2324 redueian’
923 2266 992 2325 donn
1009 2255 1185 2346 Sequimur

213 2346 391 2417 lediionem
422 2346 540 2419 Faerni
570 2354 688 2420 reiiius
710 2348 943 2430 constitutam,
969 2375 1067 2438 quarn
1094 2352 1186 2439 quod

213 2439 271 2508 alii
292 2444 499 2525 remiffamuan
513 2450 644 2508 redutiam
657 2451 684 2506 d.
700 2441 755 2513 vel
774 2446 985 2529 remissam-mn
998 2452 1113 2509 redata.

214 2531 497 2693 tinelli
509 2532 1186 2720 intitulantur:titilus.

213 2720 248 2784 δι
267 2714 426 2799 aliorum,
446 2742 466 2784 a
482 2714 609 2790 Faerno
628 2715 857 2796 constitutam,
875 2742 972 2806 quam
994 2717 1062 2805 ipse
1087 2718 1184 2785 Don.

213 2807 374 2896 praeferre
390 2807 520 2878 videtur
534 2809 584 2877 illi
604 2837 679 2896 quem
693 2814 753 2896 ipsa
768 2816 906 2896 neglexit,
916 2833 1012 2898 pater,
1022 2838 1069 2899 ego
1080 2817 1184 2875 alam?

213 2897 315 2970 Haud
334 2899 409 2968 sane
428 2921 554 2987 patrem
577 2901 674 2970 decet
702 2923 744 2967 ne
772 2898 795 2966 li
823 2924 877 2969 ere
901 2925 1065 2988 puerum,
1084 2926 1184 2989 quem

213 3011 319 3061 mater
339 2991 536 3082 neglexerit.
562 2993 665 3061 Alius
694 2925 770 3080 pol
793 2926 885 3059 δοκι.
911 2992 1183 3082 grammaticusl'.

212 3080 324 3170 Asper
345 3081 562 3240 fisCornutu‘s
584 3085 664 3156 hanc
689 3084 841 3154 ultimam
865 3083 1041 3154 letliunem
1064 3085 1184 3154 melio·

216 3195 288 3242 retn
309 3194 429 3243 cenet.
1088 3219 1097 3236 .

258 3292 332 3358 pag.
362 3291 423 3358 340
438 3265 493 3335 lin.
513 3290 564 3360 ¹3·
579 3275 725 3356 adiungas.
743 3263 802 3340 sic
816 3263 968 3335 Erasmus
978 3272 1011 3334 δι
1025 3264 1182 3337 Faernus.

212 3354 288 3426 Alii
304 3367 438 3441 abducas,
456 3357 524 3428 scil.
548 3385 566 3428 a
587 3363 781 3444 meretrice;
796 3356 884 3447 quod
900 3359 1030 3447 pellime
1050 3358 1185 3450 legitur.

214 3457 387 3518 Abducimur
412 3454 500 3522 enim
527 3451 566 3519 ab
583 3450 727 3521 honestis
747 3450 788 3519 ad
813 3452 921 3519 minus
945 3448 1086 3520 honesta.
1107 3453 1184 3527 Alii

213 3542 347 3610 tandem
361 3565 490 3616 veteres
500 3543 585 3611 male
595 3548 627 3610 in
631 3542 796 3635 gelierunt
809 3547 873 3637 yolo
883 3568 914 3607 ut
927 3551 985 3610 adi.

261 3657 336 3724 pag.
360 3657 418 3724 341
438 3633 494 3701 lin.
512 3659 533 3724 7
548 3633 594 3721 sq.
610 3639 688 3722 fhcis
706 3641 936 3701 iniuriam-cum
948 3641 1182 3708 amoveris,ut·-

215 3729 307 3790 vivas.
324 3723 449 3810 Neque
467 3727 569 3812 igitur
583 3723 722 3813 sequens
741 3722 853 3795 versus
870 3722 928 3791 nisr
940 3749 998 3813 pro
1015 3726 1184 3812 interposi·

215 3816 307 3882 tione
336 3812 526 3895 habendus,
556 3816 710 3905 maleque
735 3817 790 3885 alii
818 3838 929 3883 contra
957 3814 1185 3887 vetustiffimos

215 3905 326 3979 Codd.
351 3905 470 3979 dedere
487 3933 546 3974 cun
561 3913 648 3994 fingis
665 3933 723 3996 pro
743 3914 885 3996 confingis.
901 3907 937 3977 ln
956 3908 1186 3999 confingendis

213 3998 314 4069 causis
333 4024 397 4066 non
413 4017 481 4069 erat
498 3995 633 4080 iniuria,
650 3999 704 4070 sed
720 4004 754 4067 in
769 4000 951 4076 amovenda
970 4022 1084 4068 uxore.

261 4115 336 4182 pag.
360 4116 400 4183 34
437 4091 494 4158 lin.
519 4096 550 4156 6.
573 4097 660 4157 tollet.
688 4089 741 4162 Sic
767 4088 884 4163 Bemb.
910 4111 948 4163 ut
967 4092 1124 4161 referatur
1141 4089 1183 4160 ad

213 4180 320 4250 solum
336 4115 530 4257 Lacletem
552 4186 709 4265 t'uius‚ut
728 4186 798 4263 avi,
819 4181 944 4253 summa
964 4184 1036 4273 post
1058 4203 1185 4272 patrem

214 4295 282 4342 erat
302 4274 444 4363 potestas
463 4274 615 4369 tollendi.
640 4275 758 4369 Vulgo
779 4278 882 4346 rodens.
903 4364 929 4426 C

948 4385 994 4443 ⁶4
