2809 5234
256 869 307 948 ·44
500 857 540 933 a.
589 859 981 937 r=a=tt÷ttmrtt
1098 803 1100 807 ⁵

256 1013 324 1087 Sed
348 1013 442 1093 cessei
465 1017 591 1094 heram
618 1021 688 1096 hoe
708 1024 802 1097 malo
821 1023 993 1122 impertiri
1012 1014 1232 1126 properet?

451 1142 490 1210 S.
510 1163 728 1213 revocemus.
743 1141 855 1213 Geta!

255 1261 303 1337 G.
324 1263 440 1355 Hem,
466 1263 620 1364 quisquis
650 1291 713 1357 es,
739 1267 809 1342 stne
836 1296 903 1345 me.
929 1277 967 1345 S.
985 1297 1052 1370 ego
1068 1271 1141 1346 sum
1162 1274 1235 1355 So-¹

445 1388 558 1465 strata.
582 1397 626 1466 G.
651 1394 712 1466 ubi
731 1396 792 1467 esi
817 1415 852 1469 te
871 1396 978 1495 ipsam
995 1396 1177 1494 quaerito:

257 1509 311 1586 Te
334 1509 499 1703 exspeslp
518 1531 552 1586 ⁸.
568 1516 702 1613 oppido
724 1536 928 1614 opportune
947 1537 982 1593 te
1005 1517 1160 1593 obtulisti
1178 1515 1230 1591 mi

436 1657 470 1719 Ιο
495 1657 608 1725 viam,

234 1745 236 1748 ’
258 1750 362 1832 Hera.
376 1760 418 1833 S.
438 1758 524 1858 qttid
538 1757 610 1835 est?
633 1758 718 1860 quid
739 1758 912 1855 trepidas?
932 1764 978 1833 G.
997 1759 1055 1831 hei
1073 1755 1177 1830 mihil
1195 1763 1229 1834 S.

459 1876 544 1976 quid
567 1876 704 1951 fellinas
722 1895 760 1968 ¹,
776 1877 825 1949 mi
841 1880 932 1950 Geta
950 1883 989 1951 ⁴?
1180 1899 1225 1976 25

255 2014 417 2093 'Animam
435 2018 562 2116 recipe.
582 2021 626 2092 G.
642 2013 818 2115 prorsus...
844 2035 855 2078 t
871 2017 911 2088 S.
926 2014 1010 2114 quid
1021 2015 1106 2089 istuc
1121 2039 1228 2112 pror-

454 2141 508 2217 sus
531 2165 617 2239 ergo
640 2138 716 2214 est?
736 2141 781 2211 G.
803 2137 987 2234 periimus:

259 2287 384 2377 Alium
412 2287 472 2362 est.
504 2295 541 2363 S.
561 2287 728 2388 eloquere
751 2310 864 2386 ergo,
891 2282 1036 2360 obsecro
1064 2301 1100 2358 te
1114 2337 1126 2375 ,
1140 2282 1226 2382 quid

457 2411 507 2485 sit.
536 2416 580 2488 G.
600 2413 707 2486 iam...
727 2413 768 2485 S.
785 2409 870 2510 qnid
894 2407 983 2496 iant,
996 2407 1115 2480 Geta?

263 2560 308 2628 G.
330 2554 555 2630 Aeschinus...
573 2567 604 2632 S.
621 2559 705 2658 quid
725 2556 887 2657 isergoi
913 2560 958 2629 G.
974 2556 1106 2629 alienus
1126 2544 1173 2627 est
1185 2553 1231 2626 ab
1303 2620 1307 2628 .

457 2664 575 2751 nostra
601 2679 742 2754 familia.
762 2686 794 2753 S.
816 2677 1007 2767 heimini,

260 2798 372 2889 Perii,
392 2803 523 2899 quare?
541 2806 584 2874 G.
600 2828 716 2874 amare
736 2800 875 2900 occepit
893 2799 1005 2874 aliam.
1024 2800 1065 2872 S.
1084 2824 1149 2875 vae
1169 2797 1232 2879 mi·⁸

452 2917 545 2994 serae
572 2921 656 2992 mihi
674 2930 689 2968 ⁴
706 2919 716 2991 l

256 3161 354 3241 sinens
371 3165 425 3235 (ut
441 3161 481 3221 ait
500 3159 576 3219 Pers.
596 3157 654 3219 Sat.
670 3158 701 3230 lv,
827 3181 842 3219 2
859 3157 889 3220 lt.
900 3152 922 3220 l.
940 3159 1124 3243 impatienter
1132 3156 1232 3235 cupio,

261 3275 335 3333 109)
350 3264 443 3325 decies
456 3265 487 3322 in
500 3283 558 3321 uno
570 3259 647 3320 versu
662 3281 703 3319 re·
820 3282 841 3341 3
871 3261 899 3322 h.
924 3260 945 3322 l.
970 3261 1094 3322 turbatus
1113 3280 1143 3318 es
1161 3276 1232 3338 prae

262 3372 374 3450 petita,
399 3381 427 3431 &
455 3369 612 3453 asyndeton
635 3368 707 3427 bene
790 3365 1143 3441 metu‚utEttn.iV,3‚
1162 3367 1189 3423 8.

262 3480 426 3556 exprimunt
435 3475 560 3538 furorem
570 3475 641 3535 servi
650 3479 707 3536 mi·
829 3499 848 3548 4
860 3475 999 3534 Amanter
1017 3479 1045 3530 δι
1059 3465 1160 3527 misere
1173 3488 1232 3546 ap-

264 3587 470 3668 nanti53qttod
481 3589 540 3649 iam
549 3584 708 3648 observavit
789 3581 877 3667 pellat
903 3579 992 3655 fidam
1022 3576 1143 3636 omnino
1169 3571 1231 3632 set-

152 3730 155 3739 .
262 3688 405 3757 ,western
786 3713 864 3752 rum.

306 3793 401 3854 llam
420 3797 512 3860 rursus
524 3801 708 3861 iterinstat.-
831 3817 844 3873 5
869 3793 948 3858 Geta
962 3807 1126 3855 commotus
1140 3793 1168 3847 &
1183 3806 1234 3846 an·

263 3900 301 3963 Et
327 3899 474 3977 Sostrata,
503 3927 573 3988 quae
604 3911 707 3970 cunsta
788 3893 1236 3968 laelanrcontinuataverbasun·

263 4007 357 4070 Getae
373 4004 478 4079 audiit,
491 4011 561 4067 vidit
572 4011 709 4083 ‚sedem-
790 4013 857 4072 dete
881 4013 999 4094 nequit3
1021 4006 1069 4066 sed
1084 3999 1237 4063 intervalla

263 4113 323 4176 sam
347 4115 475 4176 nondum
505 4115 702 4192 intellexerat,
785 4117 903 4199 praebet
927 4111 1108 4195 impatientia
1129 4109 1237 4170 Sostra-

264 4221 373 4282 servum
385 4220 510 4304 appellat
529 4223 639 4297 misere,
648 4227 705 4284 iam
788 4239 850 4294 tae,
863 4219 948 4279 anxie
963 4215 1102 4298 rogantis.

265 4320 328 4387 satis
342 4306 509 4410 praeparata
522 4330 636 4389 nuntio.
828 4331 846 4385 6
860 4320 986 4388 Sostrata
997 4340 1076 4381 noto
1089 4319 1124 4381 de
1135 4337 1235 4381 amore
