2809 5234
370 175 382 543 -Ι
619 530 621 537 ι
1248 175 1315 537 ΙκΙ

372 532 393 549 ιΙ
585 542 587 547 ·
1108 552 1112 559 ι

396 564 404 589 1
541 570 550 587 ἰ
597 564 620 587 ιΙ

247 861 341 930 am
481 772 1013 944 .ninnneurrr

267 1019 410 1096 Occasio
421 1019 566 1113 plotus,
582 1041 686 1112 aetas,
703 1043 808 1094 mater
831 1016 923 1096 cuius
943 1019 1003 1094 sub
1019 1018 1164 1119 imperio
1186 1022 1236 1096 esl

437 1145 547 1231 mala;

265 1266 332 1342 Cui
353 1268 435 1342 nihil
460 1289 591 1366 praeter
614 1265 759 1365 pretium
778 1264 844 1361 ianr
863 1265 960 1340 dulce
979 1261 1037 1338 est.
1058 1267 1131 1340 Clr'r.
1156 1264 1232 1340 Cli·

436 1394 502 1465 nia.
536 1396 617 1463 Clin.
638 1391 692 1462 hei
713 1388 834 1463 misero
855 1389 961 1462 mihi!
1210 1414 1226 1488 ς

268 1519 343 1590 cria.
368 1518 476 1619 Etiam
495 1539 613 1605 caves,
636 1540 677 1588 ne
691 1513 805 1590 videar
826 1514 915 1589 sorte
936 1514 1017 1589 hinc
1039 1533 1073 1588 te
1096 1540 1115 1588 a
1138 1530 1231 1612 patre

435 1639 553 1739 aliquis
565 1639 678 1723 exiens
692 1636 707 1709 l

267 1768 353 1840 Clio.
370 1765 524 1839 Faciam:
544 1762 599 1836 sed
613 1760 727 1835 nescio
742 1758 824 1859 quid
834 1757 988 1856 profesio
1004 1760 1085 1835 mihi
1099 1761 1231 1836 animus

433 1886 591 1986 praesagit
612 1885 701 1978 mali.

265 2014 477 2113 Clit.Pergin’
490 2013 572 2086 istuc
593 2012 686 2108 prius
708 2008 906 2099 diiudicare,
925 2033 1024 2129 quam
1040 2006 1122 2101 scis,
1145 2009 1228 2110 quid

376 2167 380 2174 ·
432 2139 506 2212 veri
528 2135 615 2210 fieti
1052 2156 1055 2160 ’

263 2371 317 2434 que
338 2347 452 2432 glossam
479 2325 641 2428 adscriptam
663 2345 719 2406 lta·
773 2345 830 2430 j'oi
844 2306 1153 2427 lecoeurgrordedlpit.
1166 2339 1221 2406 lta·

261 2439 309 2500 bet
318 2486 328 2511 ,
344 2461 410 2517 quar
421 2460 459 2495 nte
469 2455 586 2497 terreant.
598 2439 713 2496 animum

261 2551 346 2592 autom
357 2532 437 2604 dicit,
448 2552 524 2609 quom
536 2530 578 2587 isli
587 2533 711 2610 praesens

261 2619 338 2709 {fficio
357 2641 439 2682 metus
452 2624 595 2706 fhlsica'tonr
608 2621 709 2703 copita-

214 2729 218 2741 ‘
258 2724 363 2782 tionem.
379 2720 478 2801 Neque
490 2719 593 2801 semper
604 2721 710 2779 animus

259 2818 350 2899 augeri
364 2817 462 2879 dicitur
472 2815 535 2896 spe,
549 2818 579 2877 ὅ(
592 2837 619 2876 re
632 2816 709 2876 laeta.

260 2897 349 2976 Etiain
358 2915 385 2971 in
398 2935 426 2971 re
436 2913 517 2972 dubia
530 2911 591 2974 cic.
604 2912 638 2970 nd
650 2912 710 2971 Art.

256 3009 303 3080 X,
318 3030 353 3083 14
363 3008 484 3068 adhibuit
494 3033 500 3070 :
512 2995 599 3067 nerum
608 3030 639 3066 ea
654 3029 708 3065 non

255 3103 371 3162 animum
390 3098 470 3181 rius(
484 3101 511 3158 in
529 3100 637 3160 exilium
655 3097 710 3156 ab·

255 3197 363 3276 eundi)
387 3197 536 3277 augebant,
556 3197 608 3277 scd
629 3196 708 3254 tirno-

253 3314 313 3354 rem.
329 3295 493 3376 Augentur,
508 3296 659 3365 credimus,
673 3315 708 3353 a·

253 3391 340 3461 nimi,
351 3390 462 3470 perinde
482 3409 513 3451 ut
530 3388 642 3450 assellus
658 3390 708 3449 suit

251 3500 298 3540 aut
317 3504 360 3542 res
379 3484 427 3544 est.
460 3487 578 3544 Animus
596 3487 705 3547 Cliniae

250 3573 395 3654 praesagus
416 3579 480 3636 mali
499 3599 557 3640 erat
577 3581 615 3638 ob
636 3602 702 3638 mo·

251 3691 331 3741 rant,
343 3672 373 3730 dt
385 3693 455 3734 nunc
478 3694 591 3757 augetur
611 3678 703 3738 multis

249 3760 434 3844 'opinionibus
453 3768 538 3829 Plaut.
549 3770 630 3851 Capt.
642 3771 701 3844 IV,

250 3873 287 3930 α,
301 3878 312 3918 1
326 3855 363 3937 sq.
373 3860 483 3935 Quanto
492 3862 520 3918 in
527 3868 624 3941 pedore
635 3865 703 3923 donc

175 4008 179 4017 f
201 4025 205 4034 ,
246 3974 298 4012 rem
317 3974 372 4012 meo
386 3953 471 4031 magis
488 3956 597 4028 voluto,
616 3959 701 4016 Tanto

246 4047 311 4107 milri
331 4047 470 4125 aegritudo
496 4049 594 4106 nullior
618 4051 652 4128 esi
671 4049 700 4107 in

244 4138 342 4199 animo.
354 4139 407 4200 Seri
420 4140 584 4221 aegritudine
596 4140 701 4200 autlin-

242 4232 263 4288 ri
284 4236 376 4314 augeri
402 4233 458 4315 ipse
489 4238 596 4295 animus
620 4236 703 4296 vide-

772 2457 825 2516 que
835 2437 976 2508 miramur,
986 2432 1091 2508 Gallis,
1102 2433 1222 2495 maxime

770 2527 924 2601 Panaetio,
936 2527 1054 2612 Guyeto
1072 2529 1103 2591 ἃ
1116 2528 1225 2591 Dacie-

769 2624 823 2682 riae
833 2668 843 2693 ,
853 2622 971 2684 verbum
984 2645 1111 2704 exaugere
1116 2669 1126 2696 ,
1142 2624 1223 2685 valde

769 2739 887 2800 augere,
905 2718 1085 2799 displicuisse,
1103 2721 1139 2778 uti
1156 2721 1225 2780 Aci·
1264 2755 1268 2761 -

768 2814 840 2875 dulio
851 2813 995 2875 Germano
1005 2837 1015 2891 3
1026 2816 1055 2874 dt
1068 2835 1120 2894 pro
1129 2835 1164 2877 eo
1175 2817 1221 2872 vi·

770 2909 828 2971 sum
847 2931 1016 2993 exurgerent,
1032 2911 1150 2970 verbum
1163 2932 1219 2971 no·

767 3027 854 3077 vum,
882 3006 958 3086 quod
981 3004 1044 3065 loco
1065 3004 1149 3065 dubio
1174 3026 1217 3086 ap.

767 3095 853 3156 l'laut.
868 3095 952 3161 Stich.
967 3097 996 3172 I,
1019 3119 1053 3171 1,
1070 3119 1105 3182 54
1120 3121 1218 3181 parum

768 3190 898 3255 firmetur.
913 3196 1001 3257 Bentl.
1017 3195 1141 3258 nostrum
1154 3221 1219 3280 pro·

766 3294 834 3353 bans
843 3310 932 3353 cetera
942 3291 978 3353 sic
989 3293 1040 3376 legi
1053 3300 1126 3376 cupit
1137 3322 1144 3358 :
1155 3320 1218 3357 con·

766 3409 871 3450 currunt
884 3391 976 3463 multa,
988 3392 1137 3471 opinionem
1148 3395 1217 3450 lianc

764 3508 829 3568 quoe
847 3487 911 3546 milti
929 3485 1018 3544 animo
1034 3507 1129 3566 exaug.
1144 3488 1216 3547 rnol-

763 3582 812 3641 lius
832 3579 918 3640 fuiss'er
932 3581 967 3637 rnr‘
978 3581 1015 3638 in
1033 3580 1132 3662 animo.
1158 3579 1214 3643 Sed

763 3674 892 3737 lacessant
913 3675 989 3739 haec.
1011 3675 1073 3737 MS.
1095 3672 1172 3735 Leid.
1198 3696 1211 3738 1

760 3776 828 3833 voci
840 3794 936 3855 rxaog.
947 3770 1153 3854 superscriptum
1162 3771 1213 3833 lra-

761 3865 806 3924 bet
818 3866 986 3938 diminuant,
997 3881 1127 3946 tanquam
1135 3888 1169 3924 rx
1176 3865 1214 3925 es-

761 3956 798 4016 set
813 3962 992 4038 privativum.
1002 3958 1092 4020 Nobis
1100 4005 1108 4035 ,
1117 3957 1137 4017 sr
1146 3958 1213 4040 quid

759 4049 963 4112 emendandum
975 4051 1026 4124 stt,
1039 4053 1156 4133 placeret
1164 4074 1212 4111 rne-

759 4158 813 4199 trun
823 4164 875 4221 pro
886 4147 1011 4207 animum.
1026 4144 1083 4207 Sed
1093 4144 1211 4208 seramus

762 4236 838 4320 vulg.

242 4336 303 4383 tur:
316 4329 504 4405 quomodo&
516 4327 590 4392 Galli
603 4329 697 4393 dicunt
781 4390 790 4406 t
