2809 5234
757 933 1691 1073 innocuus,-

2135 985 2279 1084 169'

353 1164 508 1242 Sine
552 1146 1035 1259 sumptu,'sme
1088 1153 1459 1255 dispendio.
1511 1175 1659 1227 tum
1702 1150 1839 1224 hoc
1875 1146 2147 1224 altemm
2173 1198 2200 1238 ,

223 1303 235 1316 ’
297 1268 321 1289 ⁶
351 1291 430 1362 ld
456 1313 625 1362 vero
651 1282 999 1382 est,quod
1031 1304 1165 1380 ego
1190 1278 1353 1354 mihi
1381 1294 1550 1377 puto
1574 1275 1987 1375 palmarium,

355 1417 471 1488 Me
512 1408 912 1514 repperiffe,
939 1430 1082 1505 quo
1114 1406 1327 1479 modo
1361 1400 1878 1476 adolescentulus

355 1536 788 1610 Meretricum
829 1529 1095 1657 ingenia
1139 1547 1208 1603 et
1250 1550 1478 1601 mores
1526 1525 1748 1624 pofl'et
1797 1522 2104 1612 noscere,
2189 1541 2276 1595 ιο

355 1663 614 1759 Mature
648 1677 722 1731 ut
748 1678 905 1729 cum
936 1648 1283 1754 c'oguorit,
1308 1671 1636 1749 perpetuo
1678 1649 1986 1722 odet-itu

355 1786 551 1878 Quae
576 1782 735 1855 dum
777 1779 956 1854 foris
980 1776 1174 1868 sunt,
1195 1774 1292 1848 nil
1320 1773 1590 1852 videtur
1625 1771 1977 1858 mundiuS,

356 1910 503 1983 Nec
559 1929 748 2003 mage
810 1898 1258 2001 compofitum
1306 1910 1339 1946 ²
1388 1896 1809 1996 quidquam,
1881 1920 2006 1971 nec
2073 1856 2279 1998 magis

690 2027 976 2125 elegans.

352 2157 545 2250 Quae
590 2177 749 2228 cum
787 2169 1084 2226 amatore
1112 2146 1234 2222 sud
1259 2146 1413 2222 cuin
1441 2160 1727 2220 coenant
1745 2193 1770 2232 ,
1809 2158 1835 2210 3
1863 2144 2224 2244 liguriunt.

345 2332 552 2395 addunt
563 2331 921 2414 ammiratum
941 2325 1095 2411 quod
1113 2323 1251 2408 glos·

343 2426 491 2487 sema
509 2426 616 2486 h'uc
634 2420 905 2507 ingestum
931 2442 1002 2482 ex
1026 2420 1250 2482 Phorm.

340 2515 430 2589 V,
467 2535 537 2596 5,
560 2537 594 2576 2
616 2537 708 2575 cur
682 2514 801 2575 ravi
822 2512 1077 2595 ,propria
1107 2534 1175 2571 ea
1190 2527 1252 2570 ue

350 2608 460 2667 Ph.
483 2625 599 2688 pon
603 2628 652 2663 re
627 2625 778 2666 ιιιιεν·
800 2621 963 2684 atque
983 2624 1048 2664 ea
1068 2604 1158 2662 vis
1178 2599 1253 2660 sa·

344 2721 447 2760 ne.
433 2721 521 2781 ap
541 2696 787 2759 nostrum
805 2695 1117 2784 frequenter
1128 2715 1253 2758 ver-

347 2793 427 2853 bo
455 2790 703 2870 conficere
734 2788 909 2865 inest,
940 2807 997 2850 ut
1028 2789 1158 2850 ibid.
1192 2812 1254 2852 v.

221 2918 232 2925 -
352 2905 403 2967 3.
435 2882 673 2964 Adelph.
699 2881 810 2961 lv,
837 2900 905 2966 5,
924 2881 1255 2965 9&paffim

341 2980 590 3058 conficere
608 2977 643 3040 l.
670 2956 859 3063 efficere
873 2977 1094 3060 nuptias
1107 3023 1130 3056 ,
1152 2999 1250 3038 ar·-

336 3091 549 3156 gentum
578 3071 692 3132 διε.
715 3069 791 3131 cf.
821 3071 884 3133 δι
924 3069 1045 3132 Cic.
1084 3091 1140 3152 p.
1176 3067 1242 3129 L.

343 3165 535 3227 Manil.
566 3184 634 3226 10
654 3164 718 3224 δι
738 3184 829 3228 20.
865 3163 937 3223 ad
964 3162 1092 3224 fam.
1117 3160 1200 3225 IX
1220 3209 1243 3237 ‚

347 3277 445 3338 13,
468 3280 525 3338 9.
544 3257 607 3319 &
624 3255 771 3318 Suet.
788 3254 947 3319 Caes.
974 3276 1023 3338 5.
1046 3258 1248 3337 pariter

343 3356 422 3413 uti
475 3352 821 3417 Graecorum
883 3352 1244 3437 ἓιιιπριιΊἿι-

347 3445 498 3511 σθαι.
568 3442 861 3508 Invenuste
880 3491 903 3519 ‚
945 3467 1049 3529 pro
1088 3467 1244 3508 more

340 3539 440 3602 sno
454 3587 474 3617 ,
523 3540 738 3604 Donat„
790 3543 852 3605 δι
889 3540 974 3604 alii
1000 3542 1241 3605 verbum

340 3635 565 3697 trahunt
586 3635 657 3699 ad
678 3636 950 3718 virginem
973 3634 1250 3698 dev-iffim

340 3725 409 3787 δι
424 3748 542 3788 tem
560 3727 614 3787 in
631 3749 698 3788 ea
728 3727 1037 3789 confeRam
1053 3773 1073 3802 ,
1090 3749 1253 3808 proe-

341 3815 475 3878 lium
494 3819 646 3899 qnafi
670 3818 829 3879 fuerit
854 3820 1247 3901 gladiatorium.

455 3928 481 3968 ι
541 3907 661 3979 En,
713 3927 886 3988 quam
934 3909 1250 3990 prudentiae

338 3997 578 4082 speciem
647 3997 970 4078 praetendat
1023 3998 1149 4079 flagi
1151 4000 1250 4060 tio.

340 4093 482 4157 Sunt
500 4091 563 4154 &
579 4089 743 4153 hodie
754 4090 989 4176 magistri
1001 4108 1118 4152 tam
1136 4092 1248 4152 cal-

340 4185 469 4261 lidi,
490 4204 551 4249 ut
568 4183 937 4249 adolescentes
955 4173 1248 4268 indulgen-

338 4279 451 4354 do,
468 4277 784 4365 praeeundo
808 4279 985 4362 perire
1004 4275 1201 4340 finam.

339 4414 363 4431 .-
426 4368 1250 4440 aiminmodumfimode-

342 4463 520 4533 stiam.

1452 2342 1479 2405 3
1517 2323 1608 2384 Al.
1632 2321 1934 2404 liguniunt.
1968 2322 2119 2387 Male
2158 2343 2269 2385 ve-

1364 2438 1432 2477 ro
1479 2417 1624 2477 hunc
1676 2415 1897 2490 uersum
1947 2414 2274 2500 dispungunt

1364 2506 1494 2569 edd.
1524 2529 1558 2567 a
1588 2506 1700 2589 sqq.
1736 2528 1865 2568 cum
1901 2526 2026 2588 pars
2056 2526 2280 2570 antece-

1367 2599 1546 2659 dentis
1580 2596 1644 2659 fit
1659 2645 1682 2673 ‚
1718 2602 1804 2659 cui
1851 2600 2121 2668 contraria
2152 2598 2272 2663 sunt

1341 2692 1346 2697 “
1369 2693 1627 2777 conseqq.
1721 2693 2035 2758 Stultiffime
2092 2713 2277 2757 autem

1367 2788 1544 2854 Bentl.
1597 2791 1744 2852 hunc
1775 2792 1993 2855 versum
2026 2792 2277 2855 stultitiae

1372 2903 1604 2968 arguens
1620 2887 1902 2969 expungit,
1915 2887 2274 2972 utingestum.
2337 2888 2345 2896 '

1368 2979 1608 3060 Ligurire
1626 2977 1704 3041 est
1720 2981 1882 3041 multo
1898 2978 2121 3061 fbstidio
2130 2984 2267 3066 sua·

1362 3072 1517 3133 viora
1554 3095 1780 3154 quaeque
1829 3075 2089 3154 degustare
2120 3119 2141 3146 ,
2189 3076 2268 3138 uti

1367 3162 1571 3225 Heaut.
1618 3162 1734 3236 ΠΙ,
1776 3184 1799 3224 1
1821 3209 1842 3236 ,
1892 3163 1969 3238 48
2004 3168 2060 3225 in
2099 3188 2270 3230 coena

1348 3240 1632 3319 'Bacchidi
1677 3256 1840 3332 data,
1872 3259 2045 3339 inquit
2084 3258 2275 3322 Chre-

1364 3376 1485 3417 mes
1515 3379 1531 3418 :
1577 3353 1888 3438 pynjffimdo
1940 3357 2092 3416 modo
2141 3359 2272 3418 mila·

1362 3447 1497 3529 quid
1518 3447 1637 3507 vini
1670 3446 1929 3529 absumst'r.
1988 3445 2090 3509 Sic
2128 3466 2273 3513 certe

1363 3543 1516 3604 bona
1532 3540 1743 3604 facilius
1759 3542 2154 3625 abliguriuntur
2168 3545 2274 3629 (uti

1372 3635 1530 3718 supra
1550 3631 1635 3708 II,
1661 3655 1695 3695 2
1709 3657 1784 3712 ,4
1802 3635 1871 3697 de
1888 3635 2109 3700 homine
2129 3639 2276 3700 haud

1367 3729 1572 3809 impuno
1599 3680 1852 3809 diainm)
1883 3748 2052 3809 quam
2090 3730 2277 3793 devo-

1367 3820 1565 3882 rando.
1606 3819 1797 3901 Inepte
1821 3821 1964 3882 hanc
1999 3824 2116 3883 vim
2149 3824 2275 3885 sub-

1366 3913 1449 3973 dit
1499 3912 1679 3973 verbo
1715 3910 1890 3975 Bentl.
1935 3933 2105 3996 quum
2147 3914 2274 3985 Cic.

1372 4004 1431 4062 in
1461 4002 1627 4063 Verr.
1652 3999 1730 4063 ΠΙ
1743 4047 1766 4075 ,
1786 4000 1866 4082 76
1887 4004 2034 4066 lucra
2059 4007 2272 4087 ligurire

1368 4095 1434 4159 &
1448 4097 1724 4178 pecuniam
1747 4098 1895 4181 publ.
1926 4101 2171 4159 devotare
2191 4101 2276 4160 di-

1368 4187 1528 4250 versa
1565 4187 1747 4253 ficiat.
1816 4189 1914 4254 Est
1956 4189 2202 4252 nostrum
2241 4217 2278 4256 a

1362 4299 1551 4362 λιγυς
1582 4279 1770 4345 suavis
1789 4327 1812 4359 ,
1834 4277 1966 4344 'non
1998 4304 2033 4346 a
2062 4300 2278 4367 λιχνος

1364 4373 1600 4461 gaesus.
