2809 5234
330 471 378 569 9⁶
593 469 629 541 n:
676 434 1068 543 nnn-aurit

220 621 224 628 ¹
327 638 451 707 Nonne
470 645 505 721 ¹,
518 631 578 705 ubi
597 631 681 705 mihi
702 631 787 704 dixti
804 654 925 728 cupere
944 648 978 702 te
995 625 1232 730 exuethiopia
1248 630 1295 731 ῖς

326 756 543 848 Ancillulam,
563 755 682 830 relictis
705 755 803 829 rebus
828 754 1007 845 omnibus,
1031 802 1040 823 r

327 878 512 981 Quaefivi?
536 904 642 978 porro
666 879 865 953 Eunuchum
885 878 970 952 dixti
989 878 1077 952 vfflr
1095 896 1151 971 tc,

155 1028 157 1033 ·
264 1057 267 1063 -
328 998 418 1097 Quia
445 1005 532 1078 solae
556 1021 693 1077 utuntur
717 1003 769 1076 his
791 1005 924 1102 reginae
942 1017 968 1074 2.
992 1004 1148 1100 repperi:

326 1128 411 1201 Heri
434 1129 540 1203 minas
564 1128 684 1226 viginti
708 1151 773 1225 pro
799 1128 963 1212 ambobus
985 1127 1088 1201 dedi:

325 1251 478 1345 Tamen,
507 1273 698 1327 contemtus
729 1248 875 1343 abste,
906 1252 987 1326 haec
1023 1252 1123 1325 habui
1158 1251 1297 1326 inme·

495 1376 605 1451 m'oria
621 1391 658 1444 3:
915 1414 918 1421 ·
1249 1402 1298 1475 90

325 1504 385 1574 Ob
397 1500 571 1576 haecfatta
584 1501 687 1574 abste
699 1499 847 1596 spernor.
873 1480 913 1573 T.
922 1498 1005 1597 quid
1019 1499 1103 1573 istuc
1112 1501 1291 1576 Phaedria?

327 1628 540 1725 Quamquam
569 1625 658 1697 illam
685 1622 789 1721 cupio
816 1624 981 1698 abducere
1000 1669 1017 1710 „
1039 1641 1138 1722 atque
1165 1623 1228 1700 hac
1255 1650 1293 1699 re

495 1749 640 1823 arbitror

325 1875 363 1946 ld
385 1871 455 1946 fieri
479 1873 572 1971 polle
598 1896 773 1958 maxume;
796 1891 1046 1962 verumtamen,

328 1998 443 2070 Potius
458 2023 559 2095 quam
574 2015 606 2070 te
619 1996 792 2070 inimicum
806 1997 958 2098 habeam,
968 1996 1099 2087 faciam,
1108 2012 1146 2069 ut
1157 1993 1296 2069 iusseris.

328 2123 392 2194 Pla
418 2122 557 2194 Utinam
581 2120 663 2194 illuc
689 2119 831 2194 verbum
856 2145 899 2195 ex
923 2122 1054 2214 animo,
1076 2145 1216 2198 acuere
1238 2120 1293 2195 di·

498 2269 609 2335 ceres,
1129 2296 1142 2321 .-
1247 2270 1299 2344 95,

327 2346 442 2441 Potius
455 2394 553 2468 quam
568 2392 601 2443 te
615 2369 788 2443 inimicum
804 2370 964 2445 habeam:
988 2366 1108 2445 histuc
1122 2371 1292 2445 crederem

235 2521 237 2525 ·
325 2495 457 2565 Sincere
482 2495 566 2582 dici,
586 2493 720 2592 quidvis
743 2494 869 2592 poffem
889 2494 1031 2593 perpeti.
1063 2475 1066 2481 .

326 2606 391 2709 Pl.
415 2617 582 2710 Labascit,
601 2620 708 2693 vitius
727 2643 796 2692 uno
814 2619 947 2704 verbo,
969 2641 1071 2716 quam
1090 2613 1161 2690 cito
1176 2629 1192 2678 ⁴
1208 2612 1219 2685 l

325 2745 362 2818 T..
378 2746 450 2840 Ego
464 2769 533 2815 nou
547 2768 589 2816 ex
608 2745 724 2817 animo
741 2739 859 2814 misera
873 2741 953 2814 dico
968 2739 984 2813 i
998 2764 1100 2839 quam
1113 2738 1195 2814 ioco

324 2867 408 2938 Rern
425 2867 593 2940 voluisti'a
607 2892 662 2939 me
677 2866 830 2953 tandem,
843 2865 925 2963 quin
947 2861 1149 2961 perfeceris?
1225 2884 1293 2937 100

323 2994 394 3089 Ego
408 2994 585 3091 impetrare
600 3013 732 3089 nequeo
744 2989 812 3082 hoc
827 2988 886 3062 abs
905 3007 963 3079 te,
981 2987 1121 3060 biduum

368 3245 379 3284 1
393 3224 521 3308 Opponit
530 3227 575 3289 sua
582 3227 777 3308 munera‚qui-
835 3223 903 3284 sum.
917 3219 1063 3301 Nescimus
1078 3219 1144 3304 qtu'd
1160 3219 1210 3282 fibi
1224 3221 1291 3284 velit

322 3315 373 3376 hus
382 3325 471 3400 magis
483 3324 555 3402 tangi
565 3309 663 3382 debeat
671 3317 775 3392 Thais,
836 3316 978 3380 Westerh.
1003 3317 1050 3399 qui
1079 3315 1168 3378 verba
1188 3316 1238 3377 als
1258 3335 1293 3377 te.

322 3409 372 3468 uili
386 3412 499 3471 militem
516 3412 599 3493 pluris
613 3412 723 3474 faceret.
746 3412 779 3473 ld
839 3409 1133 3491 hatra-interpunxit.

320 3522 395 3567 certe
415 3505 547 3566 Phaedria
566 3509 675 3591 colligit.
877 3531 898 3584 4
937 3508 1103 3569 Villoriam‘
1123 3505 1295 3590 praedixerat

365 3624 381 3665 2
400 3605 428 3664 h.
445 3604 463 3663 1.
481 3604 631 3683 divites&
651 3621 778 3685 potentes
838 3605 931 3668 servus
942 3606 966 3682 l,
978 3627 1024 3667 aa.
1037 3601 1294 3674 Sednonuicitfal-

321 3695 449 3758 feminae.
836 3698 865 3761 sa
881 3700 1028 3761 lacrimula.
1040 3698 1146 3758 Verior
1156 3695 1196 3759 est
1206 3692 1294 3754 Thais

366 3811 380 3871 3
393 3789 521 3861 Tamen,
539 3803 697 3866 contemtui
713 3789 727 3872 (
741 3790 776 3849 li·
836 3793 979 3872 verboque
990 3791 1083 3873 vincit.
1095 3790 1167 3851 Mox
1179 3786 1292 3850 victoria

321 3882 464 3964 cet)ate,
477 3883 565 3954 haec,
576 3882 703 3963 quaetibi
714 3900 777 3962 gra·
836 3879 973 3962 sapienter
988 3881 1081 3942 utitur.

197 4016 199 4020 ι
320 3991 350 4038 ta
360 3976 587 4052 lorent‚efficere
604 3996 662 4039 non
678 3975 780 4037 oblitus
869 3984 872 3989 ’
889 4054 891 4057 ¹

77 4284 353 4478 δα·
