2809 5234
213 518 264 614 7⁶
478 519 515 592 r.
562 458 954 599 rrrrirrr

214 680 273 754 ck.
297 680 398 755 Certe
417 707 491 758 mea
510 682 567 757 est.
598 688 650 755 Cr.
675 683 760 782 quid
782 682 857 759 ais?
884 694 923 762 S.
944 686 1027 788 quid
1049 707 1088 764 tu
1109 687 1185 765 ais?

384 813 424 881 P.
442 808 547 908 arrige
570 832 666 881 aures
684 809 854 908 Pamphile
872 826 899 886 ¹.

210 930 250 1005 S.
275 929 346 1026 Qui
370 931 499 1006 credis?
530 934 587 1003 Ch.
611 909 838 1027 Phania'isse,
863 933 966 1009 frater
991 959 1085 1010 meus
1109 935 1182 1011 fuir.

161 1034 162 1044 ἵ
255 1146 256 1151 ¹
383 1063 420 1128 S.
440 1038 582 1148 horam,
603 1077 637 1129 et
658 1058 740 1133 scio.

212 1183 269 1255 cb.
291 1182 321 1253 is
339 1177 418 1254 hin'c
437 1179 565 1253 bellum
580 1178 709 1278 fugiens'
722 1234 734 1271 ‚
747 1206 869 1281 meque
887 1182 922 1258 in
939 1185 1051 1260 Atiam
1067 1185 1181 1285 perse·

383 1328 511 1404 quens,
532 1302 763 1401 proficiscitur.
958 1391 964 1399 .

211 1424 303 1503 Tum
318 1423 406 1498 illam
426 1426 613 1524 relinquere
631 1425 687 1498 hic
704 1423 752 1500 est
771 1427 908 1503 veritus.
927 1431 1003 1528 post
1020 1432 1074 1505 illa
1091 1455 1183 1506 nunc

386 1548 531 1645 primum
559 1549 688 1639 audie,

211 1664 340 1759 Quid²
364 1667 425 1740 illo
456 1668 493 1743 fit
523 1669 653 1744 fastum.
691 1671 733 1741 P.
756 1667 814 1741 vix
838 1668 908 1741 sum
932 1672 1018 1766 apud
1042 1696 1119 1746 met
1138 1675 1185 1745 ira

383 1790 512 1865 animus
532 1813 728 1866 commotus
753 1790 824 1881 est,
849 1815 968 1880 meru,
1134 1819 1179 1893 35

120 1940 126 1951 ·
180 1932 184 1937 ·
210 1910 300 2008 Spe,
325 1911 476 2011 gaudio,
503 1910 658 1989 mirando
681 1912 751 1991 hoc
778 1931 896 2005 tanto,
917 1929 985 1986 ram
1006 1913 1185 2012 repentino

380 2036 485 2110 bono.

212 2162 252 2230 S.
280 2157 354 2234 Nae
379 2157 474 2235 istam
507 2161 719 2239 multimodis
745 2179 837 2241 tuam
867 2160 1012 2240 inveniri
1042 2161 1186 2264 gaudeo.

385 2282 426 2353 Ρ.
454 2283 581 2371 credo,
605 2302 709 2381 pater.

211 2402 268 2475 Ch.
291 2403 338 2473 At
362 2400 445 2474 mihi
467 2430 552 2477 unm
574 2405 747 2502 scrupulus
770 2405 870 2484 etiam
893 2409 1019 2498 restat,
1047 2405 1106 2503 qui
1129 2428 1185 2476 me

382 2519 469 2594 male
496 2521 607 2594 haber.
632 2526 675 2599 P.
699 2524 819 2624 dignus
839 2553 876 2600 es

213 2642 303 2717 Cum
322 2660 377 2714 rua
398 2642 560 2741 religione
583 2645 679 2718 odio.
706 2647 835 2718 nodum
857 2646 892 2717 in
911 2643 1020 2740 scirpo
1043 2640 1185 2740 quaeris.

262 2787 265 2795 ·
386 2769 436 2837 Cr.
459 2767 543 2862 quid
566 2765 649 2839 istuc
673 2763 748 2835 esti
943 2750 946 2756 ⁵
993 2772 995 2777 ’

214 2888 273 2958 ch.
288 2884 424 2960 Nomen
439 2911 510 2959 non
524 2885 696 2961 convenit.
727 2888 780 2959 Cr.
793 2882 858 2957 fuit
871 2884 980 2960 hercle
997 2881 1075 2962 huic
1093 2884 1183 2959 aliud
1232 2912 1234 2920 ·

383 3035 517 3107 parvae.
543 3012 598 3084 Ch.
618 3009 741 3108 quod,
764 3007 883 3083 Crito?
1133 3032 1183 3102 40

252 3295 265 3335 r
291 3274 405 3355 Pamph
426 3272 476 3337 sebi
492 3275 549 3337 hoc
569 3272 635 3335 dicit
642 3318 656 3348 ‚
737 3272 819 3338 neth.
834 3272 871 3333 ad
881 3271 1026 3336 Critonem
1041 3275 1079 3336 ita
1087 3272 1184 3337 refert:

213 3382 351 3470 percussus
378 3381 464 3442 subita
493 3383 546 3466 spe.
589 3383 659 3446 Aliis
739 3384 807 3464 quid
819 3383 941 3444 ais'w?
961 3383 1027 3465 quid
1044 3385 1115 3445 ais?
1133 3407 1185 3445 arr.

214 3491 280 3552 olim
298 3491 352 3550 hoc
367 3486 444 3549 Simo
458 3488 604 3551 videbatur
617 3489 659 3548 di·
739 3513 766 3552 a.
777 3490 815 3550 P.
831 3488 887 3550 Sed
902 3490 1002 3550 isthaec
1020 3511 1076 3551 non
1089 3490 1185 3552 currite

215 3621 299 3675 cere,
318 3597 393 3680 quod
411 3598 499 3658 minus
520 3584 668 3656 comicum'
741 3596 769 3657 se
781 3598 885 3660 dixerat
892 3596 983 3672 Crito,
990 3598 1078 3668 solum
1086 3616 1186 3658 verum

215 3701 556 3787 srt.Guyer.Chremetem
565 3701 658 3767 dixiffe
739 3703 870 3769 dicturus.
1084 3778 1086 3781 Ι

216 3813 292 3875 vult:
310 3831 338 3873 m
355 3810 501 3893 quiduis?
519 3832 571 3874 arr.
582 3832 659 3870 aures
741 3871 743 3875 ,
783 3831 800 3869 2
822 3809 904 3869 MSS.
916 3806 1028 3886 qnidam
1038 3804 1069 3865 &
1079 3800 1143 3864 edd.
1152 3804 1185 3860 de

221 3920 255 3980 P.
275 3919 349 3998 quod
371 3940 426 3978 non
446 3934 542 4000 aptum
557 3917 664 3978 homini
743 3912 808 3986 illo,
825 3915 873 3973 int.
890 3910 989 3983 fratre3
1001 3909 1047 3971 sed
1064 3909 1095 3970 &
1113 3909 1183 3970 bene

218 4023 274 4081 iam
291 4024 378 4107 magis
389 4024 441 4087 suis
450 4026 563 4088 intento.
585 4023 660 4085 We·
741 4017 873 4078 omittitur
882 4013 1006 4099 praepos.
1015 4015 1073 4077 aliis
1082 4014 1177 4109 auoit.¹
