2809 5234
145 175 1315 527 u
1129 356 1131 366 ⁴.

848 377 849 382 ¹
959 383 966 390 t.

281 581 286 593 Ι
640 607 642 610 .
1172 598 1180 607 ι

147 845 155 866 ·
249 868 298 946 ῳ
498 848 998 927 n.rnnnurrr

245 1008 495 1105 Certationem¹
511 1031 767 1111 comparatam,
779 1039 883 1116 quam
898 1014 984 1090 haec
1002 1015 1107 1092 hodie
1123 1018 1218 1097 inter

446 1157 512 1205 nos
532 1131 627 1205 fuit:

244 1254 319 1352 Ego
342 1252 566 1350 vapulando,
592 1254 651 1327 ille
682 1256 931 1350 verberando,
961 1259 1071 1363 usque
1109 1267 1215 1342 ambo

440 1378 556 1452 defeffi
577 1376 706 1454 sumus.
1191 1415 1207 1492 5

211 1600 219 1613 .
243 1506 309 1599 Sy.
332 1502 411 1574 Tua
437 1502 539 1597 eulpa
558 1519 583 1573 ¹.
608 1503 672 1574 Sa.
696 1504 782 1601 quid
806 1506 988 1584 facerem?
1028 1518 1095 1609 Sy.
1123 1515 1215 1589 ado·

436 1619 576 1691 lescenti
595 1645 733 1693 morem
758 1623 890 1720 gestum
909 1633 1083 1727 oportuit.
1139 1625 1146 1653 ⁸

243 1754 295 1819 sa.
312 1746 385 1839 Qui
403 1743 505 1842 potui
517 1742 638 1818 melius
654 1754 691 1834 ²,
711 1747 772 1844 qui
797 1748 903 1823 hodie
917 1753 1025 1852 usque
1054 1783 1094 1829 os
1112 1783 1214 1855 prae·

438 1868 526 1941 hui?
539 1869 602 1962 Sy.
622 1892 684 1966 age
704 1886 714 1931 ³
726 1921 738 1958 ,
764 1864 826 1942 scis
850 1870 936 1967 quid
956 1873 1105 1971 loquar?

202 2044 204 2050 -
242 1993 425 2085 Pecuniam
442 1992 478 2064 in
497 1993 579 2066 loco
594 1991 793 2090 neglegere,
810 2017 1010 2066 maxumum
1034 1996 1210 2076 interdum

437 2115 485 2188 est
506 2114 641 2188 lucrum
657 2131 684 2187 ⁴.
703 2115 767 2187 Sa.
792 2113 863 2187 hui.

240 2243 306 2338 Sy.
332 2238 511 2331 Metuisti,
541 2237 565 2310 st
596 2263 687 2311 nunc
725 2239 770 2310 de
796 2256 860 2310 tuo
890 2236 965 2311 inre
994 2237 1205 2314 conceffifl'es

435 2362 649 2458 paululum,

240 2489 356 2583 Atque
380 2482 592 2557 adolescenti
622 2482 706 2558 effes
732 2484 989 2581 morigeratus,
1023 2484 1207 2558 hominum

429 2606 542 2694 homo
560 2605 774 2698 stultiffime,
1164 2636 1207 2683 10

238 2735 293 2810 Ne
324 2757 397 2807 non
423 2732 487 2805 tibi
524 2731 609 2806 istuc
642 2753 653 2799 t
682 2734 891 2808 foeneraret.
923 2740 983 2808 Sa.
1015 2759 1081 2834 ego
1110 2733 1207 2832 spem

433 2857 548 2954 pretio
576 2882 650 2956 uon
676 2883 758 2930 emo
775 2865 801 2930 ‘.

238 2985 302 3079 Sy.
317 2983 504 3082 Nunquam
522 2956 594 3052 rem
609 2978 712 3052 facies
727 3006 736 3051 z
753 2978 809 3051 abi
818 3032 831 3070 ,
847 2975 956 3051 nescis
972 2974 1122 3050 inescare
1136 2977 1204 3051 ho·

431 3100 567 3190 mines,
592 3099 722 3201 Sannio
738 3117 766 3174 ⁷.

238 3431 312 3484 rae,
347 3412 379 3469 in
402 3429 458 3494 qua
486 3404 554 3466 leno
572 3399 678 3463 mulca-
731 3408 735 3416 '
759 3419 839 3462 cmm.

238 3533 283 3575 tus
302 3534 360 3575 erat
372 3515 406 3574 ab
428 3509 585 3573 Aeschino.
655 3553 657 3556 .
800 3523 814 3580 5
844 3506 898 3566 int.
920 3501 1088 3586 paululum,
1119 3509 1200 3589 quod

282 3623 372 3679 tint.
395 3621 442 3679 est.
461 3617 587 3677 Mettum
600 3614 679 3673 enim
759 3603 942 3673 concesstffes.
991 3637 996 3649 ·
1051 3662 1075 3687 s

237 3728 382 3785 ottonarii
406 3727 528 3806 postulat
550 3729 676 3809 primum
800 3732 816 3783 6
837 3704 1000 3805 Sapientiae
1015 3719 1081 3805 Syri
1100 3742 1200 3803 oppo-

238 3829 339 3895 casum.
755 3829 917 3905 rursum,
943 3850 1016 3915 quae
1041 3832 1131 3913 magir
1156 3831 1198 3890 est

278 3940 368 3999 aim.
386 3957 497 3997 morem
511 3959 619 4023 gerere.
757 3937 980 4001 foeneratorum.
1110 3921 1122 3930 η

278 4071 293 4130 3
314 4050 374 4131 Age
384 4049 567 4127 corripientis
583 4052 632 4110 est.
796 4066 813 4118 7
832 4045 910 4107 Audi
920 4091 929 4119 ,
944 4067 1029 4128 quam
1042 4044 1123 4106 dulce
1145 4066 1195 4107 ca·

277 4148 674 4230 4Plaur.Capr.I[,2,75-
757 4169 805 4209 nat
828 4168 931 4228 auceps
952 4147 1048 4228 Syrus.
1090 4151 1145 4209 Sed
1168 4160 1197 4212 δε

236 4260 272 4339 'est
290 4257 390 4325 etiam,
409 4255 453 4313 ubi
473 4254 583 4334 profecto
597 4259 673 4314 ‹Lem-
754 4250 823 4312 leno
839 4270 929 4332 aeque
945 4250 1057 4312 astutus.
1073 4251 1116 4311 Ita
1125 4252 1195 4312 alter

237 4383 298 4422 num
312 4359 514 4442 praestecfitcrre
522 4407 531 4436 ‚
543 4383 621 4442 quam
631 4362 676 4423 lu-
758 4355 879 4420 alterum
893 4354 976 4418 fallit.
