<?xml version="1.0" encoding="UTF-8"?>
<!DOCTYPE html PUBLIC "-//W3C//DTD XHTML 1.0 Transitional//EN"
    "http://www.w3.org/TR/xhtml1/DTD/xhtml1-transitional.dtd">
<html xmlns="http://www.w3.org/1999/xhtml" xml:lang="en" lang="en">
 <head>
  <title>
</title>
<meta http-equiv="Content-Type" content="text/html;charset=utf-8" />
  <meta name='ocr-system' content='tesseract 3.04.00' />
  <meta name='ocr-capabilities' content='ocr_page ocr_carea ocr_par ocr_line ocrx_word'/>
</head>
<body>
  <div class='ocr_page' id='page_1' title='image "./publiiterentiia00teregoog_0697.png"; bbox 0 0 2809 5234; ppageno 0'>
   <div class='ocr_carea' id='block_1_1' title="bbox 463 759 1172 893">
    <p class='ocr_par' dir='ltr' id='par_1_1' title="bbox 463 759 1172 898">
     <span class='ocr_line' id='line_1_1' title="bbox 463 759 1172 893; baseline -0.013 -33"><span class='ocrx_word' id='word_1_1' title='bbox 463 886 465 893; x_wconf 14' lang='lat'>4</span> <span class='ocrx_word' id='word_1_2' title='bbox 524 783 838 860; x_wconf 73' lang='lat' dir='ltr'>uucuuus</span> <span class='ocrx_word' id='word_1_3' title='bbox 1077 759 1172 873; x_wconf 46' lang='lat' dir='ltr'>ru</span> 
     </span>
    </p>
   </div>
   <div class='ocr_carea' id='block_1_2' title="bbox 198 940 1176 1637">
    <p class='ocr_par' dir='ltr' id='par_1_2' title="bbox 198 940 1176 1637">
     <span class='ocr_line' id='line_1_2' title="bbox 198 940 1115 1056; baseline -0.02 -25"><span class='ocrx_word' id='word_1_4' title='bbox 198 952 268 1056; x_wconf 83' lang='lat' dir='ltr'>Egi</span> <span class='ocrx_word' id='word_1_5' title='bbox 291 969 397 1053; x_wconf 83' lang='lat' dir='ltr'>atque</span> <span class='ocrx_word' id='word_1_6' title='bbox 427 948 528 1023; x_wconf 83' lang='lat' dir='ltr'>oravi</span> <span class='ocrx_word' id='word_1_7' title='bbox 553 966 694 1036; x_wconf 85' lang='lat' dir='ltr'>tecum,</span> <span class='ocrx_word' id='word_1_8' title='bbox 711 968 860 1020; x_wconf 83' lang='lat' dir='ltr'>uxorem</span> <span class='ocrx_word' id='word_1_9' title='bbox 882 958 922 1014; x_wconf 88' lang='lat' dir='ltr'>ut</span> <span class='ocrx_word' id='word_1_10' title='bbox 946 940 1115 1015; x_wconf 79' lang='lat' dir='ltr'>duceres:</span> 
     </span>
     <span class='ocr_line' id='line_1_3' title="bbox 202 1061 1174 1172; baseline -0.016 -23"><span class='ocrx_word' id='word_1_11' title='bbox 202 1077 357 1172; x_wconf 81' lang='lat' dir='ltr'>Tempus</span> <span class='ocrx_word' id='word_1_12' title='bbox 375 1071 446 1145; x_wconf 89' lang='lat' dir='ltr'>dixi</span> <span class='ocrx_word' id='word_1_13' title='bbox 472 1064 733 1163; x_wconf 70' lang='lat' dir='ltr'>eise..&#39;impuisu</span> <span class='ocrx_word' id='word_1_14' title='bbox 754 1061 880 1136; x_wconf 82' lang='lat' dir='ltr'>duxisti</span> <span class='ocrx_word' id='word_1_15' title='bbox 903 1086 995 1135; x_wconf 86' lang='lat' dir='ltr'>meo.</span> <span class='ocrx_word' id='word_1_16' title='bbox 1126 1063 1174 1160; x_wconf 83' lang='lat'>65-</span> 
     </span>
     <span class='ocr_line' id='line_1_4' title="bbox 204 1184 1176 1292; baseline -0.009 -22"><span class='ocrx_word' id='word_1_17' title='bbox 204 1201 307 1292; x_wconf 83' lang='lat' dir='ltr'>Quae</span> <span class='ocrx_word' id='word_1_18' title='bbox 331 1216 405 1269; x_wconf 85' lang='lat' dir='ltr'>tum</span> <span class='ocrx_word' id='word_1_19' title='bbox 424 1248 436 1285; x_wconf 89' lang='lat'>,</span> <span class='ocrx_word' id='word_1_20' title='bbox 456 1187 640 1266; x_wconf 76' lang='lat' dir='ltr'>obsecutus</span> <span class='ocrx_word' id='word_1_21' title='bbox 662 1188 748 1260; x_wconf 86' lang='lat' dir='ltr'>mihi</span> <span class='ocrx_word' id='word_1_22' title='bbox 771 1184 929 1276; x_wconf 81' lang='lat' dir='ltr'>¹,fecisti</span> <span class='ocrx_word' id='word_1_23' title='bbox 948 1205 987 1258; x_wconf 87' lang='lat' dir='ltr'>ur</span> <span class='ocrx_word' id='word_1_24' title='bbox 1000 1185 1176 1261; x_wconf 84' lang='lat' dir='ltr'>decuerat.</span> 
     </span>
     <span class='ocr_line' id='line_1_5' title="bbox 204 1311 1175 1393; baseline -0.01 1"><span class='ocrx_word' id='word_1_25' title='bbox 204 1322 308 1393; x_wconf 89' lang='lat' dir='ltr'>Nunc</span> <span class='ocrx_word' id='word_1_26' title='bbox 319 1320 472 1392; x_wconf 84' lang='lat' dir='ltr'>animum</span> <span class='ocrx_word' id='word_1_27' title='bbox 482 1314 617 1388; x_wconf 87' lang='lat' dir='ltr'>rursum</span> <span class='ocrx_word' id='word_1_28' title='bbox 627 1312 896 1387; x_wconf 87' lang='lat' dir='ltr'>admeretricem</span> <span class='ocrx_word' id='word_1_29' title='bbox 909 1311 1045 1384; x_wconf 85' lang='lat' dir='ltr'>induxti</span> <span class='ocrx_word' id='word_1_30' title='bbox 1057 1330 1175 1385; x_wconf 85' lang='lat' dir='ltr'>tuum:</span> 
     </span>
     <span class='ocr_line' id='line_1_6' title="bbox 204 1435 1090 1535; baseline -0.008 -19"><span class='ocrx_word' id='word_1_31' title='bbox 204 1443 274 1517; x_wconf 88' lang='lat' dir='ltr'>Cui</span> <span class='ocrx_word' id='word_1_32' title='bbox 301 1464 341 1518; x_wconf 87' lang='lat' dir='ltr'>tu</span> <span class='ocrx_word' id='word_1_33' title='bbox 369 1442 572 1529; x_wconf 83' lang='lat' dir='ltr'><strong>obsecutus,</strong></span> <span class='ocrx_word' id='word_1_34' title='bbox 591 1437 674 1514; x_wconf 86' lang='lat' dir='ltr'>facis</span> <span class='ocrx_word' id='word_1_35' title='bbox 688 1437 771 1509; x_wconf 90' lang='lat' dir='ltr'>huic</span> <span class='ocrx_word' id='word_1_36' title='bbox 783 1436 871 1509; x_wconf 89' lang='lat' dir='ltr'>adeo</span> <span class='ocrx_word' id='word_1_37' title='bbox 886 1435 1047 1535; x_wconf 83' lang='lat' dir='ltr'>iniuriam</span> <span class='ocrx_word' id='word_1_38' title='bbox 1065 1457 1090 1509; x_wconf 87' lang='lat'>².</span> 
     </span>
     <span class='ocr_line' id='line_1_7' title="bbox 205 1555 1100 1637; baseline -0.008 0"><span class='ocrx_word' id='word_1_39' title='bbox 205 1564 296 1637; x_wconf 85' lang='lat' dir='ltr'>Nam</span> <span class='ocrx_word' id='word_1_40' title='bbox 316 1564 353 1636; x_wconf 91' lang='lat' dir='ltr'>in</span> <span class='ocrx_word' id='word_1_41' title='bbox 374 1562 518 1635; x_wconf 87' lang='lat' dir='ltr'>eandem</span> <span class='ocrx_word' id='word_1_42' title='bbox 538 1559 649 1633; x_wconf 83' lang='lat' dir='ltr'>vitam</span> <span class='ocrx_word' id='word_1_43' title='bbox 667 1575 703 1630; x_wconf 90' lang='lat' dir='ltr'>te</span> <span class='ocrx_word' id='word_1_44' title='bbox 724 1555 926 1630; x_wconf 87' lang='lat' dir='ltr'>revolutum</span> <span class='ocrx_word' id='word_1_45' title='bbox 947 1573 959 1618; x_wconf 58' lang='grc' dir='ltr'>ι</span> <span class='ocrx_word' id='word_1_46' title='bbox 982 1555 1100 1630; x_wconf 87' lang='lat' dir='ltr'>denuo</span> 
     </span>
    </p>
   </div>
   <div class='ocr_carea' id='block_1_3' title="bbox 207 1669 1177 1782">
    <p class='ocr_par' dir='ltr' id='par_1_3' title="bbox 207 1669 1177 1782">
     <span class='ocr_line' id='line_1_8' title="bbox 207 1669 1177 1782; baseline -0.007 -18"><span class='ocrx_word' id='word_1_47' title='bbox 207 1691 323 1766; x_wconf 89' lang='lat' dir='ltr'>Video</span> <span class='ocrx_word' id='word_1_48' title='bbox 345 1689 424 1766; x_wconf 83' lang='lat' dir='ltr'>effe.</span> <span class='ocrx_word' id='word_1_49' title='bbox 450 1693 517 1764; x_wconf 83' lang='lat' dir='ltr'>Pa.</span> <span class='ocrx_word' id='word_1_50' title='bbox 537 1711 640 1761; x_wconf 86' lang='lat' dir='ltr'>mene</span> <span class='ocrx_word' id='word_1_51' title='bbox 654 1688 697 1759; x_wconf 77' lang='lat'>⁴?</span> <span class='ocrx_word' id='word_1_52' title='bbox 714 1689 752 1760; x_wconf 67' lang='lat' dir='ltr'>L.⁴</span> <span class='ocrx_word' id='word_1_53' title='bbox 767 1703 803 1759; x_wconf 86' lang='lat' dir='ltr'>te</span> <span class='ocrx_word' id='word_1_54' title='bbox 819 1684 929 1782; x_wconf 89' lang='lat' dir='ltr'>ipsum</span> <span class='ocrx_word' id='word_1_55' title='bbox 946 1711 955 1754; x_wconf 80' lang='grc' dir='ltr'>ι</span> <span class='ocrx_word' id='word_1_56' title='bbox 973 1704 1008 1757; x_wconf 87' lang='lat' dir='ltr'>et</span> <span class='ocrx_word' id='word_1_57' title='bbox 1020 1669 1102 1758; x_wconf 83' lang='lat' dir='ltr'>facis</span> <span class='ocrx_word' id='word_1_58' title='bbox 1120 1684 1177 1757; x_wconf 90' lang='lat' dir='ltr'>in·</span> 
     </span>
    </p>
   </div>
   <div class='ocr_carea' id='block_1_4' title="bbox 402 1814 539 1904">
    <p class='ocr_par' dir='ltr' id='par_1_4' title="bbox 402 1814 539 1904">
     <span class='ocr_line' id='line_1_9' title="bbox 402 1814 539 1904; baseline -0.015 -16"><span class='ocrx_word' id='word_1_59' title='bbox 402 1814 539 1904; x_wconf 85' lang='lat' dir='ltr'>iuriam,</span> 
     </span>
    </p>
   </div>
   <div class='ocr_carea' id='block_1_5' title="bbox 206 1931 719 2034">
    <p class='ocr_par' dir='ltr' id='par_1_5' title="bbox 206 1931 719 2034">
     <span class='ocr_line' id='line_1_10' title="bbox 206 1931 719 2034; baseline -0.006 -26"><span class='ocrx_word' id='word_1_60' title='bbox 206 1933 389 2034; x_wconf 81' lang='lat' dir='ltr'>Confingis.</span> <span class='ocrx_word' id='word_1_61' title='bbox 414 1933 510 2022; x_wconf 79' lang='lat' dir='ltr'>falses</span> <span class='ocrx_word' id='word_1_62' title='bbox 534 1931 647 2006; x_wconf 80' lang='lat' dir='ltr'>causas</span> <span class='ocrx_word' id='word_1_63' title='bbox 675 1932 719 2006; x_wconf 88' lang='lat' dir='ltr'>ad</span> 
     </span>
    </p>
   </div>
   <div class='ocr_carea' id='block_1_6' title="bbox 738 1927 969 2021">
    <p class='ocr_par' dir='ltr' id='par_1_6' title="bbox 732 1896 969 2021">
     <span class='ocr_line' id='line_1_11' title="bbox 738 1927 969 2021; baseline -0.008 -17.051"><span class='ocrx_word' id='word_1_64' title='bbox 738 1927 942 2004; x_wconf 85' lang='lat' dir='ltr'>discordiam</span> <span class='ocrx_word' id='word_1_65' title='bbox 956 1982 969 2021; x_wconf 90' lang='lat'>,</span> 
     </span>
    </p>
   </div>
   <div class='ocr_carea' id='block_1_7' title="bbox 209 2052 1180 2149">
    <p class='ocr_par' dir='ltr' id='par_1_7' title="bbox 209 2052 1180 2149">
     <span class='ocr_line' id='line_1_12' title="bbox 209 2052 1180 2149; baseline -0.006 -17"><span class='ocrx_word' id='word_1_66' title='bbox 209 2059 260 2131; x_wconf 92' lang='lat' dir='ltr'>Ut</span> <span class='ocrx_word' id='word_1_67' title='bbox 279 2080 359 2132; x_wconf 87' lang='lat' dir='ltr'>cum</span> <span class='ocrx_word' id='word_1_68' title='bbox 377 2055 436 2130; x_wconf 84' lang='lat' dir='ltr'>iila</span> <span class='ocrx_word' id='word_1_69' title='bbox 455 2057 580 2149; x_wconf 85' lang='lat' dir='ltr'>vivas,</span> <span class='ocrx_word' id='word_1_70' title='bbox 605 2054 728 2133; x_wconf 83' lang='lat' dir='ltr'>testem</span> <span class='ocrx_word' id='word_1_71' title='bbox 753 2055 840 2129; x_wconf 86' lang='lat' dir='ltr'>hanc</span> <span class='ocrx_word' id='word_1_72' title='bbox 862 2073 970 2127; x_wconf 67' lang='lat' dir='ltr'>rcum</span> <span class='ocrx_word' id='word_1_73' title='bbox 995 2052 1056 2127; x_wconf 83' lang='lat' dir='ltr'>abs</span> <span class='ocrx_word' id='word_1_74' title='bbox 1080 2071 1115 2126; x_wconf 87' lang='lat' dir='ltr'>te</span> <span class='ocrx_word' id='word_1_75' title='bbox 1140 2078 1180 2127; x_wconf 90' lang='lat' dir='ltr'>a·</span> 
     </span>
    </p>
   </div>
   <div class='ocr_carea' id='block_1_8' title="bbox 402 2183 570 2260">
    <p class='ocr_par' dir='ltr' id='par_1_8' title="bbox 402 2183 570 2260">
     <span class='ocr_line' id='line_1_13' title="bbox 402 2183 570 2260; baseline 0 -2"><span class='ocrx_word' id='word_1_76' title='bbox 402 2183 570 2260; x_wconf 85' lang='lat' dir='ltr'>moveris.</span> 
     </span>
    </p>
   </div>
   <div class='ocr_carea' id='block_1_9' title="bbox 194 2386 651 2668">
    <p class='ocr_par' dir='ltr' id='par_1_9' title="bbox 194 2386 651 2668">
     <span class='ocr_line' id='line_1_14' title="bbox 206 2386 649 2478; baseline 0 -23"><span class='ocrx_word' id='word_1_77' title='bbox 206 2414 286 2465; x_wconf 81' lang='lat' dir='ltr'>erat,</span> <span class='ocrx_word' id='word_1_78' title='bbox 309 2386 425 2465; x_wconf 66' lang='lat' dir='ltr'>laudae,</span> <span class='ocrx_word' id='word_1_79' title='bbox 459 2413 519 2478; x_wconf 90' lang='lat' dir='ltr'>quo</span> <span class='ocrx_word' id='word_1_80' title='bbox 552 2396 649 2456; x_wconf 83' lang='lat' dir='ltr'>miuus</span> 
     </span>
     <span class='ocr_line' id='line_1_15' title="bbox 194 2491 650 2575; baseline 0.004 -24"><span class='ocrx_word' id='word_1_81' title='bbox 194 2491 259 2554; x_wconf 85' lang='lat' dir='ltr'>illc</span> <span class='ocrx_word' id='word_1_82' title='bbox 276 2512 352 2552; x_wconf 88' lang='lat' dir='ltr'>nunc</span> <span class='ocrx_word' id='word_1_83' title='bbox 378 2494 507 2575; x_wconf 79' lang='lat' dir='ltr'>paternis</span> <span class='ocrx_word' id='word_1_84' title='bbox 529 2495 650 2553; x_wconf 83' lang='lat' dir='ltr'>monitis</span> 
     </span>
     <span class='ocr_line' id='line_1_16' title="bbox 206 2587 651 2668; baseline 0.016 -22"><span class='ocrx_word' id='word_1_85' title='bbox 206 2587 349 2651; x_wconf 75' lang='lat' dir='ltr'>adversari</span> <span class='ocrx_word' id='word_1_86' title='bbox 379 2591 504 2668; x_wconf 80' lang='lat' dir='ltr'>audeat3</span> <span class='ocrx_word' id='word_1_87' title='bbox 535 2594 651 2653; x_wconf 86' lang='lat' dir='ltr'>tandem</span> 
     </span>
    </p>
   </div>
   <div class='ocr_carea' id='block_1_10' title="bbox 185 2695 653 3202">
    <p class='ocr_par' dir='ltr' id='par_1_10' title="bbox 205 2695 653 3104">
     <span class='ocr_line' id='line_1_17' title="bbox 208 2695 650 2778; baseline 0.011 -24"><span class='ocrx_word' id='word_1_88' title='bbox 208 2715 296 2778; x_wconf 86' lang='lat' dir='ltr'>quern</span> <span class='ocrx_word' id='word_1_89' title='bbox 315 2695 413 2759; x_wconf 88' lang='lat' dir='ltr'>denuo</span> <span class='ocrx_word' id='word_1_90' title='bbox 424 2697 457 2760; x_wconf 87' lang='lat' dir='ltr'>iu</span> <span class='ocrx_word' id='word_1_91' title='bbox 468 2702 590 2763; x_wconf 85' lang='lat' dir='ltr'>eandem</span> <span class='ocrx_word' id='word_1_92' title='bbox 603 2702 650 2759; x_wconf 78' lang='lat' dir='ltr'>ei-</span> 
     </span>
     <span class='ocr_line' id='line_1_18' title="bbox 206 2808 653 2891; baseline 0.011 -27"><span class='ocrx_word' id='word_1_93' title='bbox 206 2823 358 2888; x_wconf 77' lang='lat' dir='ltr'>cumputat</span> <span class='ocrx_word' id='word_1_94' title='bbox 374 2808 535 2873; x_wconf 74' lang='lat' dir='ltr'>revolutum</span> <span class='ocrx_word' id='word_1_95' title='bbox 551 2831 653 2891; x_wconf 89' lang='lat' dir='ltr'>repre·</span> 
     </span>
     <span class='ocr_line' id='line_1_19' title="bbox 205 2912 651 3001; baseline 0.007 -25"><span class='ocrx_word' id='word_1_96' title='bbox 205 2912 317 2976; x_wconf 72' lang='lat' dir='ltr'>heedir.</span> <span class='ocrx_word' id='word_1_97' title='bbox 335 2917 383 2977; x_wconf 89' lang='lat' dir='ltr'>Sic</span> <span class='ocrx_word' id='word_1_98' title='bbox 394 2915 479 2981; x_wconf 72' lang='lat' dir='ltr'>illuni</span> <span class='ocrx_word' id='word_1_99' title='bbox 495 2922 572 2982; x_wconf 79' lang='lat' dir='ltr'>varie</span> <span class='ocrx_word' id='word_1_100' title='bbox 581 2941 651 3001; x_wconf 87' lang='lat' dir='ltr'>per·</span> 
     </span>
     <span class='ocr_line' id='line_1_20' title="bbox 208 3022 550 3104; baseline 0.023 -28"><span class='ocrx_word' id='word_1_101' title='bbox 208 3039 329 3079; x_wconf 85' lang='lat' dir='ltr'>movere</span> <span class='ocrx_word' id='word_1_102' title='bbox 347 3022 463 3104; x_wconf 51' lang='lat' dir='ltr'>cupit„</span> <span class='ocrx_word' id='word_1_103' title='bbox 545 3043 550 3049; x_wconf 87' lang='lat'>·</span> 
     </span>
    </p>

    <p class='ocr_par' dir='ltr' id='par_1_11' title="bbox 185 3122 653 3202">
     <span class='ocr_line' id='line_1_21' title="bbox 185 3122 653 3202; baseline 0.017 -21"><span class='ocrx_word' id='word_1_104' title='bbox 185 3191 189 3202; x_wconf 35' lang='grc' dir='ltr'>Ι</span> <span class='ocrx_word' id='word_1_105' title='bbox 253 3122 319 3185; x_wconf 87' lang='lat' dir='ltr'>rh.</span> <span class='ocrx_word' id='word_1_106' title='bbox 338 3147 365 3186; x_wconf 88' lang='lat' dir='ltr'>e.</span> <span class='ocrx_word' id='word_1_107' title='bbox 389 3129 554 3189; x_wconf 75' lang='lat' dir='ltr'>austeritati</span> <span class='ocrx_word' id='word_1_108' title='bbox 574 3146 653 3189; x_wconf 77' lang='lat' dir='ltr'>meae</span> 
     </span>
    </p>
   </div>
   <div class='ocr_carea' id='block_1_11' title="bbox 207 3229 657 3320">
    <p class='ocr_par' dir='ltr' id='par_1_12' title="bbox 207 3229 657 3320">
     <span class='ocr_line' id='line_1_22' title="bbox 207 3229 657 3320; baseline 0.022 -30"><span class='ocrx_word' id='word_1_109' title='bbox 207 3229 327 3294; x_wconf 71' lang='lat' dir='ltr'>honeste</span> <span class='ocrx_word' id='word_1_110' title='bbox 360 3236 546 3320; x_wconf 82' lang='lat' dir='ltr'>postposuisti</span> <span class='ocrx_word' id='word_1_111' title='bbox 573 3259 657 3300; x_wconf 80' lang='lat' dir='ltr'>aruo·</span> 
     </span>
    </p>
   </div>
   <div class='ocr_carea' id='block_1_12' title="bbox 207 3337 386 3404">
    <p class='ocr_par' dir='ltr' id='par_1_13' title="bbox 207 3337 386 3404">
     <span class='ocr_line' id='line_1_23' title="bbox 207 3337 386 3404; baseline 0.039 -8"><span class='ocrx_word' id='word_1_112' title='bbox 207 3358 269 3397; x_wconf 89' lang='lat' dir='ltr'>rem</span> <span class='ocrx_word' id='word_1_113' title='bbox 292 3337 386 3404; x_wconf 87' lang='lat' dir='ltr'>illum.</span> 
     </span>
    </p>
   </div>
   <div class='ocr_carea' id='block_1_13' title="bbox 131 3444 656 3714">
    <p class='ocr_par' dir='ltr' id='par_1_14' title="bbox 131 3444 656 3714">
     <span class='ocr_line' id='line_1_24' title="bbox 249 3444 656 3532; baseline 0.005 -22"><span class='ocrx_word' id='word_1_114' title='bbox 249 3468 265 3510; x_wconf 78' lang='lat' dir='ltr'>a</span> <span class='ocrx_word' id='word_1_115' title='bbox 282 3444 435 3510; x_wconf 81' lang='lat' dir='ltr'>Meretrice</span> <span class='ocrx_word' id='word_1_116' title='bbox 458 3470 582 3532; x_wconf 80' lang='lat' dir='ltr'>procace</span> <span class='ocrx_word' id='word_1_117' title='bbox 599 3451 656 3512; x_wconf 87' lang='lat' dir='ltr'>im·</span> 
     </span>
     <span class='ocr_line' id='line_1_25' title="bbox 207 3545 651 3630; baseline 0.009 -21"><span class='ocrx_word' id='word_1_118' title='bbox 207 3545 306 3630; x_wconf 86' lang='lat' dir='ltr'>pulsus</span> <span class='ocrx_word' id='word_1_119' title='bbox 326 3571 404 3611; x_wconf 85' lang='lat' dir='ltr'>nunc</span> <span class='ocrx_word' id='word_1_120' title='bbox 419 3571 539 3612; x_wconf 83' lang='lat' dir='ltr'>uxorem</span> <span class='ocrx_word' id='word_1_121' title='bbox 547 3551 651 3613; x_wconf 82' lang='lat' dir='ltr'>iniuste</span> 
     </span>
     <span class='ocr_line' id='line_1_26' title="bbox 131 3643 337 3714; baseline 0.01 -3"><span class='ocrx_word' id='word_1_122' title='bbox 131 3643 133 3655; x_wconf 83' lang='lat'>&#39;</span> <span class='ocrx_word' id='word_1_123' title='bbox 208 3672 337 3714; x_wconf 78' lang='lat' dir='ltr'>amoves.</span> 
     </span>
    </p>
   </div>
   <div class='ocr_carea' id='block_1_14' title="bbox 206 3761 656 4253">
    <p class='ocr_par' dir='ltr' id='par_1_15' title="bbox 206 3761 656 4253">
     <span class='ocr_line' id='line_1_27' title="bbox 251 3761 654 3837; baseline 0.01 -18"><span class='ocrx_word' id='word_1_124' title='bbox 251 3780 265 3837; x_wconf 87' lang='lat'><em>3</em></span> <span class='ocrx_word' id='word_1_125' title='bbox 284 3761 365 3821; x_wconf 86' lang='lat' dir='ltr'>Dou.</span> <span class='ocrx_word' id='word_1_126' title='bbox 381 3781 415 3820; x_wconf 83' lang='lat' dir='ltr'>ex</span> <span class='ocrx_word' id='word_1_127' title='bbox 432 3761 490 3823; x_wconf 85' lang='lat' dir='ltr'>hoc</span> <span class='ocrx_word' id='word_1_128' title='bbox 501 3761 590 3823; x_wconf 77' lang='lat' dir='ltr'>verbo</span> <span class='ocrx_word' id='word_1_129' title='bbox 600 3761 654 3823; x_wconf 86' lang='lat' dir='ltr'>eli·</span> 
     </span>
     <span class='ocr_line' id='line_1_28' title="bbox 207 3865 654 3955; baseline 0.011 -29"><span class='ocrx_word' id='word_1_130' title='bbox 207 3865 269 3940; x_wconf 86' lang='lat' dir='ltr'>cit,</span> <span class='ocrx_word' id='word_1_131' title='bbox 295 3865 387 3928; x_wconf 85' lang='lat' dir='ltr'>filium</span> <span class='ocrx_word' id='word_1_132' title='bbox 415 3867 492 3955; x_wconf 81' lang='lat' dir='ltr'>quad</span> <span class='ocrx_word' id='word_1_133' title='bbox 512 3871 654 3947; x_wconf 79' lang='lat' dir='ltr'>invirum,</span> 
     </span>
     <span class='ocr_line' id='line_1_29' title="bbox 206 3974 654 4055; baseline -0.004 -16"><span class='ocrx_word' id='word_1_134' title='bbox 206 3995 255 4039; x_wconf 81' lang='lat' dir='ltr'>aut</span> <span class='ocrx_word' id='word_1_135' title='bbox 276 3974 401 4038; x_wconf 88' lang='lat' dir='ltr'>nescium</span> <span class='ocrx_word' id='word_1_136' title='bbox 421 3976 531 4055; x_wconf 73' lang='lat' dir='ltr'>fecere5</span> <span class='ocrx_word' id='word_1_137' title='bbox 556 3997 586 4040; x_wconf 88' lang='lat' dir='ltr'>ue</span> <span class='ocrx_word' id='word_1_138' title='bbox 604 3997 654 4037; x_wconf 81' lang='lat' dir='ltr'>re·</span> 
     </span>
     <span class='ocr_line' id='line_1_30' title="bbox 207 4083 656 4160; baseline 0.013 -19"><span class='ocrx_word' id='word_1_139' title='bbox 207 4085 287 4144; x_wconf 84' lang='lat' dir='ltr'>niam</span> <span class='ocrx_word' id='word_1_140' title='bbox 311 4083 471 4148; x_wconf 79' lang='lat' dir='ltr'>faciliorem</span> <span class='ocrx_word' id='word_1_141' title='bbox 495 4085 614 4160; x_wconf 83' lang='lat' dir='ltr'>habeat,</span> <span class='ocrx_word' id='word_1_142' title='bbox 628 4095 656 4147; x_wconf 76' lang='lat' dir='ltr'>dc</span> 
     </span>
     <span class='ocr_line' id='line_1_31' title="bbox 208 4183 652 4253; baseline 0.005 -4"><span class='ocrx_word' id='word_1_143' title='bbox 208 4192 367 4251; x_wconf 75' lang='lat' dir='ltr'>corrediior</span> <span class='ocrx_word' id='word_1_144' title='bbox 396 4183 451 4250; x_wconf 81' lang='lat' dir='ltr'>effe</span> <span class='ocrx_word' id='word_1_145' title='bbox 482 4191 560 4253; x_wconf 85' lang='lat' dir='ltr'>velit.</span> <span class='ocrx_word' id='word_1_146' title='bbox 594 4190 652 4251; x_wconf 87' lang='lat' dir='ltr'>Sed</span> 
     </span>
    </p>
   </div>
   <div class='ocr_carea' id='block_1_15' title="bbox 210 4297 661 4362">
    <p class='ocr_par' dir='ltr' id='par_1_16' title="bbox 210 4297 661 4362">
     <span class='ocr_line' id='line_1_32' title="bbox 210 4297 661 4362; baseline 0.018 -8"><span class='ocrx_word' id='word_1_147' title='bbox 210 4297 294 4358; x_wconf 78' lang='lat' dir='ltr'>uobis</span> <span class='ocrx_word' id='word_1_148' title='bbox 320 4299 414 4362; x_wconf 83' lang='lat' dir='ltr'>acrius</span> <span class='ocrx_word' id='word_1_149' title='bbox 439 4298 550 4361; x_wconf 71' lang='lat' dir='ltr'>distum</span> <span class='ocrx_word' id='word_1_150' title='bbox 578 4298 661 4362; x_wconf 57' lang='lat' dir='ltr'>viden</span> 
     </span>
    </p>
   </div>
   <div class='ocr_carea' id='block_1_16' title="bbox 731 2387 1183 3403">
    <p class='ocr_par' dir='ltr' id='par_1_17' title="bbox 731 2387 1183 3403">
     <span class='ocr_line' id='line_1_33' title="bbox 732 2387 1179 2474; baseline -0.009 -20"><span class='ocrx_word' id='word_1_151' title='bbox 732 2412 795 2465; x_wconf 84' lang='lat' dir='ltr'>tur,</span> <span class='ocrx_word' id='word_1_152' title='bbox 822 2409 854 2454; x_wconf 83' lang='lat' dir='ltr'>ut</span> <span class='ocrx_word' id='word_1_153' title='bbox 880 2388 1023 2474; x_wconf 88' lang='lat' dir='ltr'>pudorem</span> <span class='ocrx_word' id='word_1_154' title='bbox 1049 2387 1179 2450; x_wconf 75' lang='lat' dir='ltr'>offundas</span> 
     </span>
     <span class='ocr_line' id='line_1_34' title="bbox 732 2490 1179 2578; baseline -0.009 -24"><span class='ocrx_word' id='word_1_155' title='bbox 732 2515 840 2577; x_wconf 75' lang='lat' dir='ltr'>gnato,</span> <span class='ocrx_word' id='word_1_156' title='bbox 868 2493 970 2578; x_wconf 79' lang='lat' dir='ltr'>quiin</span> <span class='ocrx_word' id='word_1_157' title='bbox 996 2491 1099 2553; x_wconf 89' lang='lat' dir='ltr'>eodem</span> <span class='ocrx_word' id='word_1_158' title='bbox 1114 2490 1179 2551; x_wconf 87' lang='lat' dir='ltr'>luto</span> 
     </span>
     <span class='ocr_line' id='line_1_35' title="bbox 731 2593 1182 2656; baseline 0 -2"><span class='ocrx_word' id='word_1_159' title='bbox 731 2615 798 2654; x_wconf 86' lang='lat' dir='ltr'>curu</span> <span class='ocrx_word' id='word_1_160' title='bbox 806 2594 858 2655; x_wconf 86' lang='lat' dir='ltr'>iila</span> <span class='ocrx_word' id='word_1_161' title='bbox 865 2593 958 2655; x_wconf 87' lang='lat' dir='ltr'>rursus</span> <span class='ocrx_word' id='word_1_162' title='bbox 970 2594 1124 2656; x_wconf 83' lang='lat' dir='ltr'>volutetur.</span> <span class='ocrx_word' id='word_1_163' title='bbox 1131 2594 1182 2654; x_wconf 88' lang='lat' dir='ltr'>Se·</span> 
     </span>
     <span class='ocr_line' id='line_1_36' title="bbox 734 2697 1182 2762; baseline 0 -2"><span class='ocrx_word' id='word_1_164' title='bbox 734 2721 785 2760; x_wconf 83' lang='lat' dir='ltr'>nes</span> <span class='ocrx_word' id='word_1_165' title='bbox 806 2699 868 2759; x_wconf 88' lang='lat' dir='ltr'>scil.</span> <span class='ocrx_word' id='word_1_166' title='bbox 886 2721 1059 2762; x_wconf 77' lang='lat' dir='ltr'>tumueram</span> <span class='ocrx_word' id='word_1_167' title='bbox 1070 2697 1182 2762; x_wconf 86' lang='lat' dir='ltr'>causam</span> 
     </span>
     <span class='ocr_line' id='line_1_37' title="bbox 735 2808 1181 2894; baseline -0.004 -24"><span class='ocrx_word' id='word_1_168' title='bbox 735 2808 877 2870; x_wconf 82' lang='lat' dir='ltr'>nescirent</span> <span class='ocrx_word' id='word_1_169' title='bbox 892 2855 901 2884; x_wconf 94' lang='lat'>,</span> <span class='ocrx_word' id='word_1_170' title='bbox 920 2832 1007 2894; x_wconf 86' lang='lat' dir='ltr'>quare</span> <span class='ocrx_word' id='word_1_171' title='bbox 1019 2813 1045 2870; x_wconf 88' lang='lat' dir='ltr'>is</span> <span class='ocrx_word' id='word_1_172' title='bbox 1061 2831 1181 2870; x_wconf 85' lang='lat' dir='ltr'>uxorem</span> 
     </span>
     <span class='ocr_line' id='line_1_38' title="bbox 733 2919 1183 3002; baseline 0.002 -24"><span class='ocrx_word' id='word_1_173' title='bbox 733 2921 870 2979; x_wconf 77' lang='lat' dir='ltr'>reducere</span> <span class='ocrx_word' id='word_1_174' title='bbox 890 2919 1002 2991; x_wconf 89' lang='lat' dir='ltr'>nollet,</span> <span class='ocrx_word' id='word_1_175' title='bbox 1016 2941 1101 3002; x_wconf 87' lang='lat' dir='ltr'>quam</span> <span class='ocrx_word' id='word_1_176' title='bbox 1123 2919 1183 2980; x_wconf 90' lang='lat' dir='ltr'>cul·</span> 
     </span>
     <span class='ocr_line' id='line_1_39' title="bbox 735 3020 1182 3106; baseline -0.009 -24"><span class='ocrx_word' id='word_1_177' title='bbox 735 3043 803 3106; x_wconf 87' lang='lat' dir='ltr'>pam</span> <span class='ocrx_word' id='word_1_178' title='bbox 816 3022 944 3103; x_wconf 86' lang='lat' dir='ltr'>primum</span> <span class='ocrx_word' id='word_1_179' title='bbox 954 3020 1094 3081; x_wconf 79' lang='lat' dir='ltr'>Sostratae</span> <span class='ocrx_word' id='word_1_180' title='bbox 1102 3064 1113 3091; x_wconf 91' lang='lat'><strong><em>,</em></strong></span> <span class='ocrx_word' id='word_1_181' title='bbox 1121 3040 1182 3079; x_wconf 87' lang='lat' dir='ltr'>tum</span> 
     </span>
     <span class='ocr_line' id='line_1_40' title="bbox 737 3125 1182 3211; baseline -0.011 -23"><span class='ocrx_word' id='word_1_182' title='bbox 737 3125 906 3211; x_wconf 81' lang='lat' dir='ltr'>Myrrhiuae</span> <span class='ocrx_word' id='word_1_183' title='bbox 919 3127 1096 3197; x_wconf 83' lang='lat' dir='ltr'>tribuerunt,</span> <span class='ocrx_word' id='word_1_184' title='bbox 1105 3144 1182 3184; x_wconf 89' lang='lat' dir='ltr'>nuuc</span> 
     </span>
     <span class='ocr_line' id='line_1_41' title="bbox 737 3215 1182 3318; baseline -0.013 -21"><span class='ocrx_word' id='word_1_185' title='bbox 737 3238 772 3298; x_wconf 88' lang='lat' dir='ltr'>iu</span> <span class='ocrx_word' id='word_1_186' title='bbox 791 3233 887 3318; x_wconf 85' lang='lat' dir='ltr'>ipsum</span> <span class='ocrx_word' id='word_1_187' title='bbox 909 3232 1029 3316; x_wconf 84' lang='lat' dir='ltr'>Pamph.</span> <span class='ocrx_word' id='word_1_188' title='bbox 1050 3215 1182 3308; x_wconf 77' lang='lat' dir='ltr'>vertunt3</span> 
     </span>
     <span class='ocr_line' id='line_1_42' title="bbox 736 3335 1182 3403; baseline -0.011 0"><span class='ocrx_word' id='word_1_189' title='bbox 736 3341 813 3403; x_wconf 87' lang='lat' dir='ltr'>uude</span> <span class='ocrx_word' id='word_1_190' title='bbox 825 3338 892 3402; x_wconf 87' lang='lat' dir='ltr'>huic</span> <span class='ocrx_word' id='word_1_191' title='bbox 910 3337 1020 3399; x_wconf 83' lang='lat' dir='ltr'>summa</span> <span class='ocrx_word' id='word_1_192' title='bbox 1031 3335 1182 3399; x_wconf 87' lang='lat' dir='ltr'>difficultas</span> 
     </span>
    </p>
   </div>
   <div class='ocr_carea' id='block_1_17' title="bbox 737 3446 1182 3630">
    <p class='ocr_par' dir='ltr' id='par_1_18' title="bbox 737 3446 1182 3630">
     <span class='ocr_line' id='line_1_43' title="bbox 737 3446 978 3510; baseline -0.008 0"><span class='ocrx_word' id='word_1_193' title='bbox 737 3470 773 3510; x_wconf 81' lang='lat' dir='ltr'>ex</span> <span class='ocrx_word' id='word_1_194' title='bbox 788 3446 882 3510; x_wconf 84' lang='lat' dir='ltr'>celato</span> <span class='ocrx_word' id='word_1_195' title='bbox 898 3466 978 3508; x_wconf 79' lang='lat' dir='ltr'>vero.</span> 
     </span>
     <span class='ocr_line' id='line_1_44' title="bbox 775 3545 1182 3630; baseline -0.005 -18"><span class='ocrx_word' id='word_1_196' title='bbox 775 3575 796 3626; x_wconf 87' lang='lat'>4</span> <span class='ocrx_word' id='word_1_197' title='bbox 816 3548 868 3612; x_wconf 88' lang='lat' dir='ltr'>Ob</span> <span class='ocrx_word' id='word_1_198' title='bbox 881 3547 979 3611; x_wconf 79' lang='lat' dir='ltr'>falsam</span> <span class='ocrx_word' id='word_1_199' title='bbox 992 3549 1081 3630; x_wconf 84' lang='lat' dir='ltr'>patris</span> <span class='ocrx_word' id='word_1_200' title='bbox 1094 3545 1182 3630; x_wconf 81' lang='lat' dir='ltr'>suspi-</span> 
     </span>
    </p>
   </div>
   <div class='ocr_carea' id='block_1_18' title="bbox 690 3658 1184 3742">
    <p class='ocr_par' dir='ltr' id='par_1_19' title="bbox 690 3658 1184 3742">
     <span class='ocr_line' id='line_1_45' title="bbox 690 3658 1184 3742; baseline -0.004 -23"><span class='ocrx_word' id='word_1_201' title='bbox 690 3685 692 3689; x_wconf 95' lang='lat'>·</span> <span class='ocrx_word' id='word_1_202' title='bbox 735 3658 853 3719; x_wconf 76' lang='lat' dir='ltr'>aionem</span> <span class='ocrx_word' id='word_1_203' title='bbox 873 3659 988 3742; x_wconf 75' lang='lat' dir='ltr'>grauius</span> <span class='ocrx_word' id='word_1_204' title='bbox 1016 3679 1184 3719; x_wconf 84' lang='lat' dir='ltr'>commove·</span> 
     </span>
    </p>
   </div>
   <div class='ocr_carea' id='block_1_19' title="bbox 734 3764 1216 4384">
    <p class='ocr_par' dir='ltr' id='par_1_20' title="bbox 734 3764 1185 4170">
     <span class='ocr_line' id='line_1_46' title="bbox 734 3764 1185 3851; baseline -0.007 -26"><span class='ocrx_word' id='word_1_205' title='bbox 734 3783 797 3838; x_wconf 80' lang='lat' dir='ltr'>tur,</span> <span class='ocrx_word' id='word_1_206' title='bbox 815 3767 912 3851; x_wconf 85' lang='lat' dir='ltr'>utqui</span> <span class='ocrx_word' id='word_1_207' title='bbox 932 3764 1082 3826; x_wconf 81' lang='lat' dir='ltr'>Bacchidis</span> <span class='ocrx_word' id='word_1_208' title='bbox 1103 3786 1185 3826; x_wconf 86' lang='lat' dir='ltr'>aruo·</span> 
     </span>
     <span class='ocr_line' id='line_1_47' title="bbox 736 3866 1184 3937; baseline -0.002 -6"><span class='ocrx_word' id='word_1_209' title='bbox 736 3893 798 3932; x_wconf 87' lang='lat' dir='ltr'>reru</span> <span class='ocrx_word' id='word_1_210' title='bbox 815 3874 914 3935; x_wconf 85' lang='lat' dir='ltr'>uxoris</span> <span class='ocrx_word' id='word_1_211' title='bbox 922 3871 1004 3937; x_wconf 82' lang='lat' dir='ltr'>causa</span> <span class='ocrx_word' id='word_1_212' title='bbox 1017 3866 1131 3933; x_wconf 82' lang='lat' dir='ltr'>miffum</span> <span class='ocrx_word' id='word_1_213' title='bbox 1144 3869 1184 3931; x_wconf 85' lang='lat' dir='ltr'>fe·</span> 
     </span>
     <span class='ocr_line' id='line_1_48' title="bbox 736 3997 1183 4066; baseline -0.002 -29"><span class='ocrx_word' id='word_1_214' title='bbox 736 3998 833 4056; x_wconf 79' lang='lat' dir='ltr'>cerat3</span> <span class='ocrx_word' id='word_1_215' title='bbox 856 4001 950 4066; x_wconf 77' lang='lat' dir='ltr'>neque</span> <span class='ocrx_word' id='word_1_216' title='bbox 968 3997 1183 4039; x_wconf 81' lang='lat' dir='ltr'>nuucamoreru</span> 
     </span>
     <span class='ocr_line' id='line_1_49' title="bbox 739 4087 1088 4170; baseline 0 -23"><span class='ocrx_word' id='word_1_217' title='bbox 739 4088 838 4147; x_wconf 81' lang='lat' dir='ltr'>uxoris</span> <span class='ocrx_word' id='word_1_218' title='bbox 854 4087 964 4170; x_wconf 86' lang='lat' dir='ltr'>expulit</span> <span class='ocrx_word' id='word_1_219' title='bbox 978 4089 1088 4150; x_wconf 87' lang='lat' dir='ltr'>auimo.</span> 
     </span>
    </p>

    <p class='ocr_par' dir='ltr' id='par_1_21' title="bbox 739 4191 1216 4384">
     <span class='ocr_line' id='line_1_50' title="bbox 778 4191 1182 4275; baseline 0 -23"><span class='ocrx_word' id='word_1_220' title='bbox 778 4212 791 4266; x_wconf 88' lang='grc' dir='ltr'><strong>ς</strong></span> <span class='ocrx_word' id='word_1_221' title='bbox 812 4192 934 4252; x_wconf 60' lang='lat' dir='ltr'>ludera</span> <span class='ocrx_word' id='word_1_222' title='bbox 948 4194 983 4275; x_wconf 77' lang='lat' dir='ltr'>esi</span> <span class='ocrx_word' id='word_1_223' title='bbox 1003 4193 1045 4252; x_wconf 78' lang='lat' dir='ltr'>hic</span> <span class='ocrx_word' id='word_1_224' title='bbox 1063 4191 1182 4274; x_wconf 76' lang='lat' dir='ltr'>,inquit</span> 
     </span>
     <span class='ocr_line' id='line_1_51' title="bbox 739 4297 1216 4384; baseline -0.002 -20"><span class='ocrx_word' id='word_1_225' title='bbox 739 4297 822 4364; x_wconf 88' lang='lat' dir='ltr'>Dou.</span> <span class='ocrx_word' id='word_1_226' title='bbox 851 4321 920 4362; x_wconf 79' lang='lat' dir='ltr'>uxor</span> <span class='ocrx_word' id='word_1_227' title='bbox 948 4303 1077 4382; x_wconf 73' lang='lat' dir='ltr'>modesta,</span> <span class='ocrx_word' id='word_1_228' title='bbox 1103 4321 1182 4384; x_wconf 83' lang='lat' dir='ltr'>quum</span> <span class='ocrx_word' id='word_1_229' title='bbox 1212 4368 1216 4373; x_wconf 64' lang='grc'>,</span> 
     </span>
    </p>
   </div>
   <div class='ocr_carea' id='block_1_20' title="bbox 952 4378 1052 4473">
    <p class='ocr_par' dir='ltr' id='par_1_22' title="bbox 952 4378 1052 4473">
     <span class='ocr_line' id='line_1_52' title="bbox 952 4378 1052 4473; baseline -0.05 0"><span class='ocrx_word' id='word_1_230' title='bbox 952 4378 1052 4473; x_wconf 73' lang='grc' dir='ltr'>Υι</span> 
     </span>
    </p>
   </div>
   <div class='ocr_carea' id='block_1_21' title="bbox 0 0 1417 5234">
    <p class='ocr_par' dir='ltr' id='par_1_23' title="bbox 0 0 1417 5234">
     <span class='ocr_line' id='line_1_53' title="bbox 0 0 1417 5234; baseline 0 0"><span class='ocrx_word' id='word_1_231' title='bbox 0 0 1417 5234; x_wconf 95' lang='lat' dir='ltr'> </span> 
     </span>
    </p>
   </div>
   <div class='ocr_carea' id='block_1_22' title="bbox 1128 1832 1293 1903">
    <p class='ocr_par' dir='ltr' id='par_1_24' title="bbox 1128 1832 1293 1903">
     <span class='ocr_line' id='line_1_54' title="bbox 1128 1832 1293 1903; baseline 0 0"><span class='ocrx_word' id='word_1_232' title='bbox 1128 1832 1293 1903; x_wconf 83' lang='lat'>70·</span> 
     </span>
    </p>
   </div>
  </div>
 </body>
</html>
