2809 5234
1069 615 1074 628 t

452 816 834 908 ruouuro
1059 860 1129 931 ιη

104 967 108 981 Ι
159 1001 213 1074 D.
240 1000 425 1072 Sexcentas
446 1013 455 1046 ¹
478 996 625 1091 proinde
648 995 789 1068 scribito
810 995 880 1066 iam
900 993 987 1081 mihi
1008 995 1129 1071 dicas:

158 1125 218 1196 Nil
248 1125 295 1196 do
319 1151 328 1194 ε
355 1123 546 1216 impuratus
569 1145 624 1190 me
641 1121 699 1191 ille
717 1139 756 1191 ut
777 1118 880 1190 etiarn
903 1119 1078 1192 irrideat?

161 1254 195 1317 C.
222 1242 383 1336 Quaeso,
399 1266 466 1339 ego
482 1241 572 1312 dabo
588 1294 600 1330 ‚
624 1237 774 1336 quiesce.
788 1258 828 1310 tu
845 1239 955 1309 modo
971 1237 1061 1311 filius
1075 1243 1119 1336 65

159 1378 222 1446 Fac
250 1392 290 1444 ut
311 1374 405 1445 illam
431 1373 557 1458 ducat,
582 1393 776 1466 nosquam
802 1366 983 1440 volumus,
1004 1371 1052 1442 A.
1071 1368 1129 1441 hei

352 1494 466 1584 mihi,

158 1620 270 1701 Geta,
292 1613 446 1688 occidisti
467 1633 522 1684 nte
536 1610 604 1683 tuis
618 1609 758 1682 fallaciis
775 1625 802 1682 2.
890 1680 895 1688 ,

163 1745 203 1810 C.
222 1744 299 1811 Mea
315 1737 414 1811 causa
437 1735 599 1808 eiicitur:
622 1759 677 1805 me
697 1734 768 1805 hoc
786 1730 836 1804 est
858 1757 1010 1830 aequom
1025 1733 1128 1807 amit·
1191 1803 1194 1808 .
1267 1755 1275 1778 .

355 1877 428 1928 tere
448 1873 471 1926 ³.

156 1984 202 2055 G.
233 1956 400 2078 Quantum
421 2006 546 2075 potes,
573 2008 621 2049 me
648 1983 829 2069 certiorem,
849 1979 987 2077 inquit,
1002 1981 1078 2071 firce
1095 2006 1126 2057 ⁴:

156 2110 200 2178 Si
218 2113 308 2179 illam
321 2113 422 2197 dant,
442 2111 525 2179 hanc
541 2131 578 2178 ut
591 2108 739 2193 mitram,
756 2133 796 2174 ne
812 2109 951 2176 incertus
955 2104 1039 2202 stem
1049 2131 1063 2173 .·
1075 2127 1126 2194 70

155 2237 243 2331 Nanr
268 2235 319 2303 illi
344 2235 423 2300 mihi
442 2234 545 2299 dotem
573 2231 640 2298 iam
664 2229 895 2320 constituemur
916 2231 1001 2298 dare.

160 2356 201 2424 C.
221 2357 289 2423 lam
306 2350 452 2445 accipiet
473 2366 483 2407 τ
503 2372 512 2417 :
535 2344 602 2421 illis
620 2349 834 2446 ‘repudium
856 2350 1059 2422 renuntiet:

156 2471 256 2540 Hanc
272 2469 387 2541 ducat.
409 2475 452 2538 D.
473 2493 561 2565 quae
577 2469 718 2566 quidem
735 2469 786 2541 illi
805 2493 861 2541 res
881 2487 1004 2542 vortat
1021 2470 1124 2545 male.
1212 2494 1215 2506 ’

162 2595 202 2663 C.
212 2593 423 2686 Opportune
442 2593 552 2662 ⁷ade0
564 2616 654 2662 nunc
668 2615 804 2663 mecum
817 2610 1000 2688 argentum
1009 2595 1126 2684 attuli,

156 2713 442 2806 Fru&um,quem
453 2711 1002 2808 Lemniuxorisredduntpraedia
1017 2713 1051 2783 ⁸:
1075 2736 1121 2811 75
1225 2759 1232 2769 -

201 2964 213 3003 1
228 2943 275 3004 Ut
291 2966 338 3025 ap.
355 2944 485 3007 Graecos
505 2968 596 3023 μυςιι,
721 2963 736 3017 5
756 2942 826 3001 Chr.
839 2941 977 3001 suacausa
994 2963 1124 3022 promp-

155 3057 195 3114 ita
218 3054 321 3115 Latine
340 3058 466 3137 sexcenta
492 3058 596 3115 dicitur
683 3057 807 3114 tiorest
826 3057 863 3114 ad
892 3076 952 3113 rem
971 3052 1124 3112 absolven-

128 3161 131 3167 '
155 3180 210 3239 pro
228 3160 325 3218 mustis.
368 3174 370 3176 ’
680 3162 754 3221 darn.
773 3159 924 3240 Demipho
937 3158 1122 3217 tenaciorvix

197 3269 594 3332 zAnt.ira&dolorcvisius
676 3251 752 3330 cedit
769 3267 863 3328 fratris
881 3266 970 3327 causa.
989 3265 1060 3325 Mox
1074 3269 1123 3326 in-

154 3374 223 3435 haec
242 3379 411 3457 pronuntiat
428 3377 486 3439 fibi.
535 3454 537 3458 Ι
678 3380 755 3438 vidia
761 3378 958 3459 precationem
967 3377 997 3433 in
1010 3377 1120 3455 nuptiis

195 3506 207 3562 3
223 3485 292 3546 Chr.
302 3485 359 3546 hoc
371 3488 594 3561 adDem.dicit·,
676 3485 837 3546 sollenncm
853 3489 994 3546 convertit
1014 3488 1046 3545 in
1060 3487 1118 3544 im-

153 3612 249 3651 rerunt
263 3589 373 3650 suarum
390 3590 547 3652 conscium.
678 3593 887 3674 precationem.

192 3720 212 3766 4
225 3694 303 3754 Geta
321 3693 438 3765 artifex,
453 3717 511 3775 quo
529 3697 586 3752 nri·
714 3704 732 3755 6
754 3693 903 3775 Sponsae,
924 3716 1045 3781 eamque
1066 3697 1117 3758 de·

125 3790 135 3813 ‘
152 3819 206 3856 nus
222 3795 281 3876 ipse
294 3799 465 3854 intervenire
477 3800 544 3856 huic
554 3800 595 3856 rei
677 3800 895 3881 spondentibus.

152 3907 297 3975 videatur,
308 3923 439 3962 tenorem
450 3905 591 3964 narratio-
716 3929 734 3976 7
748 3905 880 3967 Comice.
892 3909 940 3968 Sic
949 3913 1027 3969 enim
1038 3931 1116 3969 com·

151 4008 417 4068 nisadextrcmurn
442 4006 505 4066 satis
526 4029 591 4089 gra·
673 4012 1095 4098 modinsemungiruraGeta.
1176 4051 1180 4065 ι

148 4116 222 4174 viter
237 4114 591 4198 peragir31entesestinans
715 4117 916 4205 BMahmcipts
929 4123 969 4179 rei
982 4119 1016 4178 ab
1026 4141 1116 4181 uxore

152 4222 262 4279 orditur
288 4239 412 4300 quantum
437 4241 513 4300 potes
536 4230 589 4283 &c.
673 4225 809 4286 iracunda
820 4226 905 4287 inibit
916 4227 1046 4309 gratiam.

149 4328 190 4387 ob
208 4327 369 4412 periculum
384 4333 417 4390 in
432 4351 522 4392 more.

1042 4666 1248 4871 xl't
