2809 5234
497 916 601 993 60
995 922 1953 1004 P.TERENT11

503 1093 529 1128 ι
571 1081 690 1155 me
713 1050 940 1158 botius
968 1086 1077 1159 vir
1107 1086 1311 1160 nobis
1331 1086 1671 1184 psaltriam
1695 1142 1719 1181 ,
1742 1088 1791 1162 fi
1822 1089 1955 1165 aas
1978 1089 2202 1188 placet
2234 1108 2263 1144 ι
2283 1146 2311 1183 ,
2342 1116 2443 1188 30

497 1229 819 1323 Paravit,
867 1234 1147 1334 quicum
1189 1234 1427 1319 vivat,
1470 1233 1659 1304 illam
1693 1232 1977 1309 deferat.

497 1381 606 1454 D.
647 1383 785 1455 Pro
819 1382 1082 1456 certon'
1127 1403 1206 1453 tu
1249 1379 1451 1452 istaec
1499 1380 1670 1455 dicis
1712 1404 1735 1448 ⁵
1771 1387 1806 1455 ’ἓ
1860 1389 1957 1475 Η.
2013 1404 2235 1461 mater
2285 1389 2442 1463 vir-

876 1502 1049 1595 ginis

500 1651 582 1723 ln
639 1642 860 1718 medio
900 1636 994 1706 est
1030 1656 1100 1723 ⁴,
1140 1636 1281 1732 ipsi
1329 1640 1586 1739 virgo,
1631 1671 1740 1720 res
1791 1649 1933 1747 ipsa
1976 1678 1996 1722 ε
2051 1654 2164 1726 hic
2204 1657 2388 1730 Geta

501 1776 890 1849 Praeterea,
928 1778 1008 1833 ut
1049 1779 1291 1858 captus
1323 1764 1422 1838 est
1457 1765 1819 1843 servorum
1861 1795 1881 1833 τ
1909 1830 1933 1866 ,
1973 1804 2119 1850 non
2162 1782 2381 1854 malus
2409 1836 2446 1873 ,-

499 1896 739 1980 Neque
790 1883 1019 1977 iners,
1044 1886 1167 1960 alit
1197 1888 1396 1981 inas,
1433 1887 1617 1967 solus
1658 1917 1941 1987 omnem
1976 1899 2305 1974 familiam
2341 1926 2426 2001 35

495 2014 859 2092 sustentat.
912 2020 1097 2092 hunc
1138 2021 1403 2097 abduce
1426 2077 1451 2113 ,
1486 2024 1673 2098 vinci
1702 2079 1727 2115 ,
1756 2051 2011 2122 quaere
2039 2055 2189 2102 rem
2227 2047 2280 2106 ‘.

495 2143 584 2214 G.
634 2143 855 2215 Immo
901 2146 1132 2218 hercle
1166 2166 1508 2248 extorque
1547 2170 1623 2242 ⁷,
1662 2150 1783 2224 nist
1832 2151 1929 2225 ita
1985 2151 2238 2227 fastum
2283 2157 2432 2248 est,

865 2268 1137 2342 Demea
1169 2295 1189 2339 ε

485 2410 849 2486 Postremo
898 2440 1043 2488 non
1092 2417 1422 2515 negabit:
1469 2442 1707 2492 coram
1754 2414 1976 2515 ipsum
2005 2416 2180 2492 cedo
2218 2419 2270 2490 θ.

488 2540 595 2611 D.
636 2559 663 2598 ⁹
704 2539 924 2610 Pudet
957 2561 975 2605 z
1037 2566 1164 2613 nec
1190 2595 1212 2630 ,
1254 2542 1426 2640 quid
1465 2567 1660 2640 agam
1684 2596 1710 2633 ,
1772 2564 2002 2640 neque
2042 2539 2212 2638 quid
2261 2537 2431 2614 huic

906 2657 1361 2756 respondeam
1388 2718 1416 2756 ‚

577 2960 601 2998 ι
634 2936 948 3000 Concludit
986 2946 1371 3004 narrationem

486 3049 801 3111 indicando
845 3050 904 3109 id
925 3096 941 3124 ,
966 3053 1123 3135 quod
1168 3049 1376 3134 gravis-

487 3153 687 3214 fimum
712 3173 829 3215 erat
847 3201 863 3229 ,
895 3156 1086 3216 ironia
1107 3159 1373 3239 indigna-

488 3265 667 3323 tionis
707 3263 898 3345 plena.

565 3399 596 3434 2
619 3374 897 3436 Formula
926 3372 1234 3434 inserviens
1251 3373 1370 3431 ito-

487 3486 614 3544 niae
653 3493 706 3543 &
740 3483 1149 3567 indignationi.

572 3613 597 3668 3
639 3591 912 3668 Quaestio
953 3592 1206 3652 Demeae
1246 3609 1370 3649 tan-

486 3715 607 3755 tum
658 3695 791 3756 facit
847 3700 920 3758 ad
980 3697 1374 3759 confirmatio-

485 3823 640 3862 nem.
795 3782 802 3791 Ι

565 3927 603 3977 4
644 3901 699 3960 h.
733 3923 783 3959 c.
811 3903 994 3977 adest,
1031 3928 1171 3988 quae
1198 3907 1369 3967 fidem

483 4009 653 4070 distis
679 4005 1031 4069 certissimam
1070 4012 1256 4074 faciat.

564 4139 590 4193 5
637 4118 887 4177 Additur
915 4115 977 4171 in
1011 4112 1236 4176 laudem
1269 4140 1368 4176 eo-

484 4246 638 4295 rum,
684 4226 779 4306 qui
825 4226 973 4281 inter
1021 4221 1145 4283 suae
1202 4222 1371 4284 sortis

480 4334 744 4394 homines
766 4312 1048 4416 praest‘a‘nt'
1066 4355 1082 4405 3
1102 4331 1174 4391 cf.
1200 4330 1361 4391 Caefi

479 4435 547 4496 B.
590 4439 671 4500 G.
707 4439 830 4516 IV,
872 4461 924 4519 3.
952 4437 1153 4519 Vulgo
1182 4457 1370 4498 autem

553 4762 1028 4838 ’.Βι

2122 2684 2211 2741 *u
2290 2734 2302 2745 .

1539 2943 1831 3007 servorum
1876 2942 2108 3025 ingenia
2141 2928 2287 3004 male
2331 2964 2432 3003 au-

1544 3032 1735 3112 diunt.¹
1777 3049 1922 3111 Mox
1963 3051 2132 3110 malus
2190 3047 2436 3109 refertur

1541 3157 1614 3217 ad
1657 3159 1951 3228 animum,
1988 3157 2123 3218 iners
2162 3156 2232 3216 ad
2259 3177 2430 3215 men-

1543 3285 1677 3326 tem.

1618 3384 1654 3435 6
1703 3374 2138 3454 Quaerebantur
2182 3370 2325 3431 setvi
2371 3392 2431 3432 e·

1541 3483 1678 3542 tiam
1703 3482 2025 3540 tormentis.

1620 3611 1654 3660 7
1706 3589 1810 3647 int.
1859 3608 2068 3646 verum.
2122 3581 2329 3666 Usque
2368 3583 2431 3645 se

1540 3690 1706 3755 offert
1746 3691 1934 3754 servus
1960 3690 2194 3774 probus·

1619 3804 1650 3860 8
1679 3798 1735 3859 h.
1765 3821 1817 3860 e.
1850 3796 1967 3857 fiste
1993 3817 2124 3856 eum
2156 3792 2428 3877 praesen-

1537 3927 1673 3968 tem.
1705 3903 2087 3967 Certiffimum
2126 3888 2430 3986 argumen-

1533 4033 1655 4074 tum
1690 4015 1770 4071 tei
1792 4058 1809 4086 ,
1841 4033 2013 4095 quam
2049 4011 2177 4092 quis
2214 4027 2425 4089 negare

1535 4137 1657 4174 non
1694 4115 1911 4176 audeat.
1943 4114 2153 4198 Neque
2178 4113 2252 4172 fic
2274 4131 2426 4195 opus

1538 4220 1764 4291 ceteris·

1532 4316 1543 4323 ’
1614 4324 1932 4417 §.semiim
1964 4324 2079 4387 hoc
2119 4327 2255 4389 dicit
2281 4349 2420 4412 per-

1540 4433 1792 4497 turbatus
1818 4432 2062 4497 Demea·
