2809 5234
246 544 300 625 ,a
501 517 1051 595 utauuuru··

112 681 126 706 ’
246 687 441 784 Imprudens
453 685 571 757 harum
583 708 694 756 rerum
710 676 905 783 ignarusque
919 684 1070 779 omnium
1091 702 1124 760 ἐ

174 798 177 803 ’
246 817 278 885 Is
301 811 393 885 venit
408 837 418 882 ε
436 807 611 908 postquam
630 806 725 880 sensit
746 833 801 881 me
823 827 935 883 tecum
959 835 1095 909 quoque

245 938 331 1009 Rem
350 928 491 1024 habere,
506 922 734 1030 fingit-‘causas
743 985 756 1021 ‚
769 958 810 1005 ne
831 935 908 1024 det,
925 934 1064 1006 sedulo:

245 1060 321 1150 Ait,
346 1058 370 1130 sr
393 1057 494 1130 fidem
513 1055 631 1127 habeat
647 1069 684 1145 ²,
707 1057 739 1129 se
759 1057 801 1129 iri
818 1058 1044 1156 praepositum
1067 1058 1126 1130 tibi

245 1184 349 1283 Apud
376 1205 455 1269 me,
476 1205 515 1253 ae
541 1203 612 1252 non
641 1178 676 1253 id
702 1202 850 1272 metuat,
869 1207 931 1270 ne,
949 1181 1007 1254 ubi
1025 1184 1214 1280 acceperim

416 1305 458 1376 ab
478 1328 547 1393 e0,
1079 1354 1081 1359 ·
1167 1310 1215 1383 60

247 1431 322 1504 Sese
342 1428 547 1525 relinquam,
566 1423 651 1499 velle
670 1425 702 1499 se
725 1425 814 1497 illam
839 1428 924 1500 mihi
945 1428 1045 1517 dare;
1152 1476 1157 1488 ·

248 1557 376 1627 Verum
392 1552 427 1624 id
440 1547 559 1623 vereri.
582 1547 636 1621 sed
650 1573 738 1647 ,ego
752 1569 911 1648 quantum
931 1548 1099 1648 suspicor,

250 1676 304 1757 Ad
333 1675 496 1774 virginem
522 1672 671 1747 animum
695 1674 815 1747 adiecit
837 1689 864 1748 3.
878 1678 951 1779 ¹Pi.
977 1674 1121 1748 etiamne
1142 1701 1215 1753 am·

416 1798 508 1894 plius
523 1797 565 1870 ⁴?
694 1848 698 1859 ·

253 1923 418 1998 T.-Nihii:
434 1946 511 1993 nam
523 1918 683 2021 quaedvi.
695 1944 784 1995 nune
795 1946 861 2020 ego
873 1945 945 1993 eam
960 1974 970 2011 ,
983 1920 1029 2001 mi
1041 1923 1216 2012 Phaedria,

251 2049 377 2122 Multae
387 2046 458 2119 sunt
468 2046 594 2136 causae,
602 2046 821 2145 quamobrem
831 2047 934 2144 cupio
941 2047 1107 2120 abducere
1126 2063 1136 2109 ⁵
1149 2075 1157 2120 ε
1171 2052 1213 2145 65

252 2173 400 2243 Primum
416 2224 427 2259 ,
442 2171 536 2268 quod
553 2169 649 2243 soror
667 2168 716 2242 est
728 2170 812 2242 diua
827 2194 836 2241 ε
851 2192 1037 2269 praeterea,
1050 2192 1088 2245 ut
1106 2171 1170 2246 suis

251 2293 459 2383 Restituam,
480 2319 519 2366 ac
544 2295 694 2368 reddam.
721 2296 790 2368 sola
818 2294 912 2369 sum:
937 2280 1049 2371 habeo
1077 2299 1130 2372 hic
1156 2325 1217 2372 ne-
1255 2274 1260 2281 Ι

421 2419 572 2508 minem,
846 2408 848 2413 ¹

252 2544 371 2641 Neque
400 2543 569 2632 amicum,
600 2567 709 2641 neque
744 2566 935 2643 cognatum.
974 2546 1222 2643 quamobrem,¹

424 2666 606 2753 Phaedria,

253 2789 368 2888 Cupio
391 2790 520 2887 aliquos
544 2812 659 2885 parare
681 2789 808 2863 amicos
828 2766 994 2866 beneficio
1016 2816 1106 2867 meo.

255 2918 292 2990 Id
305 2968 315 3003 ‚
330 2915 471 3005 amabo,
490 2913 599 2985 adiuta
617 2934 694 3003 me,
715 2937 784 3011 quo
805 2914 840 2986 id
858 2912 916 3013 fiat
936 2915 1073 2990 facilius.
1171 2943 1219 3013 70

299 3102 313 3141 ι
339 3076 515 3142 Gratificatut
541 3073 709 3149 Phaedriae,
771 3075 916 3155 Quaerere
932 3096 1024 3140 autem
1034 3082 1165 3157 videtur,
1181 3081 1223 3142 su-

257 3194 287 3235 ut
302 3194 385 3253 quem
395 3173 560 3232 secretorum
571 3170 652 3230 faciat
660 3193 709 3232 ar-
769 3171 891 3252 spicans,
903 3171 1036 3233 aThaide
1050 3173 1087 3232 oh
1098 3195 1222 3236 amorem

257 3270 379 3339 birrum,
389 3288 459 3348 quae
470 3267 560 3328 rivalis
571 3267 678 3329 nesciat.
770 3267 859 3328 militis
867 3270 958 3350 expeti
968 3283 1121 3352 tantopere,
1127 3289 1156 3330 ut
1164 3276 1223 3332 vir·-

302 3387 319 3424 2
342 3366 386 3427 Sc.
403 3363 451 3423 fibi
465 3388 481 3426 a
494 3389 539 3427 me
553 3367 646 3427 datam
652 3412 667 3453 ι
679 3366 707 3428 h.
769 3368 862 3449 ginem
872 3366 972 3428 habeat
982 3366 1079 3443 suam,
1093 3371 1169 3453 quod
1179 3394 1225 3433 ae·

258 3475 284 3518 e.
302 3454 323 3514 st
340 3473 440 3515 certam
456 3455 532 3537 spem
544 3458 651 3520 habeat.
767 3461 842 3521 mula
852 3459 894 3521 su.
918 3460 1226 3541 Quareillastatimne·

305 3551 383 3632 3An
403 3552 455 3610 hoe
469 3553 562 3627 addit,
576 3571 606 3614 ut
622 3552 714 3616 Phae·
774 3573 837 3639 gat,
859 3556 975 3638 amplius
993 3559 1059 3641 quid
1079 3559 1171 3633 fuisse,
1192 3561 1224 3622 &

258 3645 318 3706 dria
327 3647 384 3705 iam
392 3646 482 3705 minus
490 3642 578 3706 ederit
585 3646 711 3719 militem,
772 3648 865 3711 causas
876 3649 1048 3712 honestiores
1060 3650 1167 3726 subdit,
1176 3672 1225 3711 cur

259 3765 278 3803 a
293 3763 350 3823 quo
364 3763 420 3802 non
435 3756 493 3800 tam
503 3758 621 3814 ametur,
629 3763 713 3823 quam
774 3764 836 3805 eam
852 3743 903 3803 fibi
915 3744 1016 3804 habere
1026 3744 1124 3824 cupiat.
1281 3798 1283 3803 .

259 3839 325 3919 ipsa·
334 3839 434 3922 virgo?
818 3833 1226 3919 5Beneabducere‚quas1prae·

305 3952 324 4003 4
341 3930 394 3990 Int.
414 3930 451 3990 rei
466 3927 533 4009 quid
547 3925 595 3987 fuit
607 3927 719 3989 illitum
777 3926 843 3985 dam
856 3925 892 3983 ab
904 3922 996 3996 hoste,
1008 3924 1054 3983 vel
1067 3926 1103 3983 ab
1113 3945 1149 3985 eo
1159 3970 1168 3998 ,
1178 3928 1226 4006 qui

264 4022 325 4091 ilat
339 4025 500 4110 Sedeilipsts
511 4025 717 4110 rrtagisdecora.
777 4019 910 4086 custodire
925 4039 1041 4105 nequeat
1050 4024 1195 4109 virginem.
1303 4012 1309 4026 ⁸
