2809 5234
175 213 1314 505 —

1302 668 1309 687 ὶ

1306 693 1310 705 ι

535 792 858 868 HEcYRn
1107 812 1177 889 307

214 957 384 1048 Tantum,
394 980 499 1056 quam
520 976 578 1029 ¹re
589 953 658 1052 ipsa
672 956 832 1052 navigare
845 952 1106 1026 incommodum
1117 955 1179 1030 est.

217 1091 300 1163 Par.
327 1091 420 1158 Itane
449 1085 529 1158 est?
564 1091 600 1158 S.
631 1109 654 1157 ο
683 1086 859 1157 fortunate
893 1082 930 1155 ²!
959 1085 1065 1156 nescis
1096 1083 1180 1184 quid

413 1210 494 1281 mali
513 1227 523 1272 ³

218 1330 467 1418 Praeterieris,
488 1331 548 1428 qni
573 1352 749 1428 nunqnam
770 1354 805 1403 es
825 1329 988 1433 ingfrffus
1004 1355 1107 1402 mare.
1163 1347 1180 1425 5

219 1448 311 1521 Nam
333 1447 413 1518 alias
437 1468 476 1518 ut
500 1446 632 1516 mitram
655 1445 827 1534 miseriam,
849 1473 950 1519 unam
973 1447 1184 1517 hancivider

221 1569 310 1641 Dies
333 1570 493 1665 triginta,
516 1588 573 1639 aur
597 1567 672 1663 plns
701 1592 776 1660 eo,
797 1569 832 1636 in
855 1569 934 1638 navi
959 1567 1040 1655 fui,

222 1691 314 1763 Cum
330 1693 460 1765 interea
478 1690 610 1784 semper
634 1708 784 1760 mortem
803 1689 1038 1784 exipedabanr
1058 1685 1157 1760 miser
1175 1712 1186 1762 ε

222 1815 274 1887 lta
292 1788 397 1910 usqire
417 1812 563 1887 advorsa
587 1812 785 1909 tempestate
809 1814 856 1884 usi
878 1813 1003 1887 fumun

225 1935 308 2039 Pan
328 1933 500 2007 Odiosum
519 1954 546 2006 4.
568 1937 607 2006 S.
634 1934 725 2006 haud
746 1934 835 2006 clam
853 1959 908 2005 me
930 1933 977 2006 est
996 1954 1019 2006 r.
1040 1931 1189 2034 denique

276 2028 284 2065 ,
296 2046 318 2064 ”
422 2055 538 2130 hercle
565 2053 755 2153 aufugerim
1148 2081 1191 2130 ιο

226 2182 374 2272 Potius,
391 2207 496 2281 quam
515 2181 677 2269 redeam,
690 2178 714 2250 fi
729 2205 773 2252 eo
788 2180 834 2250 mi
848 2172 1061 2252 redeundum
1076 2179 1191 2255 sciam.

229 2309 314 2378 Par.
331 2310 345 2347 ‘
370 2306 466 2378 Olim
482 2300 623 2402 quidem
640 2320 676 2375 te
697 2301 816 2375 causae
836 2302 1059 2400 impellebant
1075 2299 1192 2396 leves,

230 2424 341 2516 Quod
365 2447 455 2496 nunc
481 2422 638 2494 minitare
657 2420 770 2495 facere
788 2435 831 2512 ⁷,
854 2439 894 2493 ur
917 2421 1066 2511 faceres,
1089 2423 1193 2498 Sosia.

232 2547 300 2619 Sed
319 2544 534 2644 Pamphilum
556 2544 668 2643 ipsum
690 2547 796 2621 video
817 2545 902 2619 stare
928 2566 1008 2621 ante
1031 2549 1169 2623 ostium.

232 2671 285 2742 lte
303 2669 424 2744 intro:
447 2695 513 2768 ego
536 2671 629 2745 hunc
653 2669 758 2745 adibo
774 2671 833 2763 ‚=s1
852 2672 936 2770 quid
958 2699 1013 2746 me
1034 2675 1131 2748 velit.
1154 2691 1194 2775 ις

234 2792 340 2886 Here,
357 2791 460 2865 eriam
475 2811 514 2866 tu
530 2793 585 2866 hic
598 2792 682 2867 stas?
694 2799 789 2869 Pam.
801 2797 962 2894 equidem
976 2817 1010 2872 te
1026 2800 1197 2898 exsped0.

432 2914 513 2982 Par.
536 2911 619 3011 quid
636 2911 716 2984 est?

234 3027 334 3104 Pam.
354 3028 392 3101 ln
404 3056 518 3104 arcem
534 3032 547 3082 ⁸
571 3031 764 3104 transcurso
781 3057 869 3129 opus
887 3026 945 3105 est.
962 3035 1043 3106 Par.
1059 3033 1116 3106 cui
1130 3032 1199 3119 hoq

425 3155 510 3227 mini
530 3157 548 3226 ἲ
569 3158 668 3231 Pam.
688 3158 764 3232 tibi.

279 3372 292 3413 ι
314 3348 535 3439 Tamen-quam
549 3346 677 3414 usitatum
758 3370 846 3436 poeta
866 3351 989 3438 sequitur
1006 3353 1156 3415 hominum
1170 3351 1201 3417 id

234 3453 323 3520 eriam
335 3456 461 3521 Varroni
474 3469 502 3520 δι
515 3459 601 3520 Livio
620 3478 677 3542 pro
759 3458 1199 3542 generissensum&serrnonesl

237 3578 337 3622 undam
356 3581 489 3642 quamam.
800 3564 918 3644 4Quod
930 3587 985 3648 ego
1000 3588 1146 3651 nunquam
1156 3592 1203 3639 exe

281 3669 361 3727 nSic
378 3677 406 3727 ει
426 3690 473 3749 ap.
494 3666 568 3729 Hor.
586 3661 678 3730 Serm.
761 3678 852 3752 periri
868 3677 996 3739 audenm.
1090 3691 1095 3698 '

238 3767 270 3846 Ι,
293 3792 324 3846 1,
339 3794 352 3850 3
366 3771 448 3831 miles
468 3768 573 3831 fndus
590 3773 681 3832 exele·
805 3799 819 3852 5
832 3779 870 3838 At
881 3801 936 3860 ego
946 3803 1081 3862 expertus
1093 3783 1162 3845 sum.

240 3901 300 3945 mat
313 3905 319 3939 ε
332 3904 348 3941 o
358 3876 489 3960 fhnunari
508 3878 681 3938 mercarores!
806 3891 822 3941 6
835 3884 876 3944 lta
889 3879 1048 3962 affcnritur,
1065 3912 1094 3950 ut
1108 3889 1204 3949 iocose

242 3988 277 4053 cf.
296 3987 381 4070 Virg.
401 3984 514 4067 Georg.
539 3983 589 4059 II,
613 3988 681 4059 458.
765 3989 933 4072 perstringat
944 3990 1092 4051 hominem
1100 3992 1203 4070 levem,

240 4165 242 4168 ¹
286 4117 300 4175 3
327 4091 512 4155 Menander:
536 4117 611 4173 nug,
632 4115 678 4150 m
763 4111 907 4177 tamquam
919 4096 1082 4178 fugitivum.

243 4209 383 4278 baama,
394 4229 439 4262 uc
449 4227 523 4276 γυνη,
532 4226 604 4259 και
614 4201 682 4282 igere.
808 4222 825 4272 7
848 4200 916 4259 Scil.
939 4199 1044 4283 fugnnr.

244 4305 687 4403 Quamperfesteaueminsqffi
811 4308 828 4364 8
854 4319 1026 4389 Angoxonn,
1054 4313 1084 4372 in
1108 4311 1206 4375 medio

1208 4598 1308 4754 f
