2809 5234
228 989 335 1079 Quare
347 988 427 1060 bunc
445 987 594 1061 auc‘lorem
616 989 771 1059 edentibus
789 1016 853 1060 non
869 990 962 1062 inuiti
976 1019 1097 1084 operam
1115 997 1176 1067 de-

227 1089 337 1157 dimus.
373 1089 465 1180 Quid
483 1087 732 1185 praestiterimus,
752 1089 937 1158 indicabunt
963 1098 1121 1182 exempla,
1135 1092 1179 1188 si

226 1209 296 1252 curn
304 1186 376 1254 aliis
392 1185 599 1274 conserantur.
621 1186 652 1251 F
649 1183 717 1252 atla
729 1185 769 1282 est
780 1190 868 1277 copia
880 1190 970 1258 nobis
987 1191 1176 1263 Terentiani

228 1281 358 1366 caleis,
376 1285 428 1376 qui
446 1281 604 1349 uidebatur
622 1282 782 1380 vetustior,
793 1284 855 1374 sed
870 1308 956 1353 erant
975 1289 1072 1355 iuxta
1086 1314 1173 1378 pro·

228 1380 372 1463 uerbum,
391 1395 532 1467 cruperis
551 1393 701 1467 zuravpos.
726 1380 834 1472 Itaque
846 1407 903 1450 nos
920 1409 985 1450 non
1003 1410 1174 1477 magnope-

227 1501 257 1545 re
272 1480 394 1546 aliaue.
423 1476 559 1543 Urinam
582 1496 684 1541 aurern
707 1480 800 1544 libeat
819 1481 877 1564 iis,
896 1504 972 1570 quos
993 1483 1089 1549 audio
1109 1485 1173 1555 aia

227 1574 291 1642 iarn
310 1575 404 1641 noliri
421 1570 681 1654 emendationem,
701 1575 825 1642 tandem
844 1578 1015 1669 aliquando
1033 1580 1172 1649 nitidio-

226 1698 287 1741 rem
308 1671 467 1740 Terentium
488 1669 521 1734 in
543 1668 733 1759 proscenium
753 1675 920 1763 producere.
954 1677 1059 1768 Neque
1084 1679 1170 1749 enim

226 1772 293 1837 alio
310 1768 438 1855 veneficio
458 1768 602 1835 maiorem
620 1772 758 1860 gratiam
779 1775 866 1862 apud
871 1771 1029 1871 studiosos
1047 1779 1170 1847 omneis

227 1867 306 1935 inire
316 1866 474 1958 quisquam
490 1859 591 1956 ptfflr.
632 1866 683 1932 Me
707 1891 774 1935 vero
797 1894 862 1936 nore
881 1870 1050 1959 poenitebit
1071 1871 1172 1945 leuius

227 1988 334 2053 opera,
347 1962 385 2058 fi
400 1964 452 2054 qui
468 1988 514 2029 me
536 1959 654 2029 auclore
675 1965 777 2057 magis
799 1968 952 2034 amabunt
978 1969 1171 2042 Terentium.

230 2060 462 2161 Cbrffitstomum
481 2059 590 2150 senene
620 2080 775 2150 tantopere
801 2061 976 2132 deletiarutn
1002 2062 1057 2160 effe
1079 2070 1171 2137 Ari·

215 2158 373 2259 sloplaois
398 2157 542 2237 kiliane,
568 2178 604 2224 ut
627 2155 750 2247 semper
779 2160 812 2226 in
844 2162 988 2230 manibus
1022 2164 1169 2254 haberer,

227 2259 367 2326 dormiens
383 2257 476 2323 etiam
488 2279 547 2344 pru
559 2256 692 2344 pulvino
711 2277 847 2325 ureretur.
870 2258 934 2325 Nee
953 2259 1081 2327 dubium
1104 2264 1168 2357 est,

225 2356 300 2448 quin
322 2354 447 2424 alendae
471 2352 756 2442 locupletandaeque
779 2352 955 2451 facundiae
979 2360 1072 2445 causa
1095 2378 1166 2430 tam

214 2451 321 2543 sidua
348 2453 456 2546 legerit.
500 2449 632 2540 Quanto
656 2449 760 2538 pluris
790 2452 948 2519 Terentius
970 2453 1039 2538 fieri
1067 2480 1167 2526 ruere·

224 2571 277 2619 tur
293 2564 318 2633 ¹,
343 2550 430 2620 cuius
452 2545 583 2637 subulae
612 2571 681 2614 curn
708 2547 904 2638 obscoenitate
930 2571 1065 2634 vacant,
1093 2572 1166 2624 turre

133 2674 140 2693 ⁸
215 2649 469 2741 securaliquaneo
491 2668 584 2734 quarn
608 2643 880 2742 Aristophanicae,
901 2642 964 2741 nist
987 2649 1166 2736 valdesal·

220 2749 288 2832 lor,
306 2775 511 2838 perepemepae.
549 2741 685 2809 Proinde
700 2747 895 2836 paedagogos
920 2768 1024 2812 omnes
1047 2747 1165 2815 adber-

221 2866 289 2924 tor,
316 2865 349 2912 ur
372 2843 447 2909 binc
468 2837 617 2906 auc'inrcrn
629 2840 758 2930 stemma
772 2842 839 2926 fide
851 2840 971 2938 stodiis
991 2842 1164 2916 iuuentutis

219 2932 427 3009 commendere.
467 2938 553 3005 Nam
586 2959 613 3005 et
641 2939 686 3004 ad
713 2938 863 3005 indicium
886 2937 1093 3025 formandum
1124 2946 1164 3012 de

217 3040 421 3108 communibus
456 3036 615 3116 moribus,
647 3034 726 3101 mibi
759 3035 879 3123 quidem
903 3038 977 3124 plns
1006 3035 1162 3127 conferre,

217 3164 311 3229 quarn
337 3140 460 3228 plerque
494 3131 749 3220 Philosophorum
778 3134 1004 3215 commentarii,
1030 3136 1160 3208 uidetter.

215 3237 264 3302 Er
279 3261 343 3302 non
362 3236 438 3300 alus
462 3227 567 3295 auilor
583 3222 667 3316 loqui
681 3229 853 3319 elegantius
871 3231 1003 3315 docebit,
1018 3252 1076 3299 aut
1091 3237 1160 3301 uti·

215 3334 288 3398 liore
302 3356 396 3423 genere
410 3324 563 3395 orationis
576 3323 717 3414 puerilem
737 3325 877 3419 linguam
897 3326 1018 3415 imbuet.
1037 3328 1159 3400 Beatus

214 3426 425 3517 Respublica,
437 3420 475 3516 fi
491 3423 547 3488 boe·
570 3446 674 3514 genere
699 3423 852 3490 literarum
876 3426 1018 3492 dedolata
1042 3427 1160 3496 iuuen-

211 3545 286 3600 tus,
307 3527 352 3590 ad
371 3526 493 3590 naiores
517 3542 562 3585 res
581 3521 728 3611 gerendas
748 3514 900 3613 acceserie
913 3518 929 3589 !
964 3523 1061 3591 Nunc
1085 3549 1156 3597 cum

211 3624 318 3686 nullae
340 3623 453 3701 liurne,
479 3619 566 3683 nulla
584 3616 722 3706 scientia
743 3642 837 3708 nequa
862 3618 1041 3710 religionis,
1061 3647 1156 3714 neque

209 3719 334 3787 virtutis
343 3717 385 3811 se
415 3716 450 3784 in
477 3715 545 3796 bis,
570 3716 623 3803 qui
644 3736 748 3782 eenene
773 3714 990 3804 Respublicas,
1015 3719 1156 3790 uidemus

207 3841 308 3886 eorum
329 3813 465 3905 insiieia,
487 3810 591 3878 omnia
601 3811 694 3902 secra
712 3835 739 3881 et
757 3813 916 3904 profana,
934 3815 1047 3884 diuina
1063 3840 1097 3885 at
1116 3842 1154 3887 ue

206 3914 346 3983 bumana
360 3910 486 4000 misceri.

248 4075 259 4114 1
288 4059 368 4136 Qnern
397 4052 507 4113 Grotius
530 4051 631 4132 qteidem
711 4054 764 4113 tico
780 4055 926 4135 respondit:
941 4052 992 4111 alia
1008 4051 1036 4106 in
1050 4048 1094 4108 illo
1111 4048 1150 4107 lc-

205 4135 274 4194 tanti
282 4137 416 4213 jaciebat,
429 4153 458 4194 nt
465 4136 551 4216 ficum
561 4136 631 4215 serm·
711 4154 774 4215 gere
797 4154 911 4212 pucros,
932 4133 980 4189 alia
1004 4133 1086 4189 viros.
1113 4132 1151 4207 cs

200 4234 250 4295 per
253 4213 339 4292 secret.
372 4219 415 4275 Ac
428 4233 565 4296 proptcrea
585 4216 629 4271 in-
711 4213 832 4292 Morbos
842 4212 942 4289 Polyb.
964 4211 1024 4274 T.I
1026 4256 1037 4284 ,
1052 4213 1084 4272 L.
1094 4213 1145 4289 IV,

203 4312 321 4375 crepatus
335 4316 352 4351 a
362 4295 418 4357 uiro
432 4299 542 4376 quolam
553 4294 629 4375 poli}
710 4315 731 4354 c.
751 4295 812 4369 XI,
832 4296 857 4369 §.
869 4302 896 4354 ό.
