2809 5234
271 766 920 866 ‘.iuurcrnim
1084 811 1153 885 4q

240 980 315 1048 pag·
341 975 417 1045 ²79·
443 953 537 1021 lint
565 949 610 1040 sq.
637 948 777 1018 Perinde
795 946 861 1031 est,
882 947 1051 1036 quomoda
1080 948 1162 1018 hanc

194 1047 448 1137 amphiboliam,
465 1069 549 1133 quae
576 1041 707 1113 v'uietur
727 1065 745 1108 e
760 1044 940 1108 coniunctis
960 1043 1041 1123 effe,
1056 1066 1164 1128 expo·

194 1136 352 1221 nae,s1ve
371 1142 467 1223 socrus
477 1163 566 1202 omnes
581 1137 710 1222 iniquas
732 1133 793 1200 effe
810 1145 823 1211 (
836 1136 869 1199 in
883 1156 981 1200 nurus
991 1145 1020 1214 )‚
1033 1154 1069 1200 ut
1080 1133 1163 1201 Sost.

195 1234 242 1298 ait
260 1229 302 1298 sc.
320 1254 393 1322 3‚4
412 1227 456 1316 sq.
467 1226 531 1298 five
546 1254 630 1292 nurus
643 1253 733 1290 omnes
746 1224 860 1292 odium
883 1249 997 1312 capere
1011 1223 1163 1293 socruum

196 1332 260 1399 (ut
276 1325 486 1409 iniquarum)
505 1319 673 1407 quomodo
689 1316 815 1385 Laches
829 1340 948 1386 moxv.
975 1341 1016 1382 22
1034 1327 1065 1385 δι
1082 1315 1163 1385 Sost.

197 1438 228 1483 v.
248 1411 289 1501 38
314 1413 415 1484 verbo
441 1415 552 1479 utitur.
573 1409 682 1477 Nulla
705 1408 782 1476 inde
811 1407 914 1476 estin
938 1409 1031 1476 seniu
1057 1411 1163 1476 ambi-

217 1509 333 1589 ‚uitas‚
356 1529 454 1593 quam
476 1492 637 1570 inutilitei
666 1519 828 1588 quaerunt
851 1497 942 1568 Don.
964 1500 1004 1567 ad
1025 1500 1054 1567 h.
1075 1502 1096 1568 l.
1132 1508 1167 1569 &

197 1528 337 1663 {dierum
353 1596 425 1666 adv.
448 1595 516 1663 lov.
537 1597 615 1660 &in
630 1592 737 1660 Mich.
756 1589 820 1659 Sed
834 1588 913 1679 quid
927 1594 961 1657 in
974 1590 1166 1662 Bentleiutn

197 1687 364 1769 dicamus,
380 1691 438 1776 qui
465 1686 548 1755 hunc
568 1682 699 1756 versum
716 1696 730 1762 (
745 1686 897 1752 omnibus
917 1686 963 1752 ita
989 1688 1166 1775 agnitum,

198 1797 237 1847 ut
260 1803 302 1855 ex
323 1803 363 1847 eo
384 1777 530 1847 credatur
548 1775 658 1846 fabula
681 1799 803 1845 nomen
819 1776 1046 1863 inveniffe31&
1065 1802 1166 1864 quem

198 1871 255 1942 vel
274 1869 341 1959 ipsa
369 1869 509 1939 Sostrata
524 1867 564 1935 sc.
585 1893 601 1960 3
608 1890 658 1952 ,4
677 1869 883 1947 confitetur)
902 1887 939 1935 ut
962 1866 1106 1957 spurium
1133 1878 1168 1939 dc

199 1986 242 2031 ex
257 1981 335 2031 nuta
348 1963 520 2055 marginali
537 1958 700 2050 ingestum
716 1961 897 2049 expungit,
910 1960 1001 2047 quod
1012 1962 1096 2048 pede
1112 1960 1167 2029 de·

198 2054 310 2137 ficiat,
328 2056 545 2146 ambiguitate
570 2053 714 2130 laboret,
731 2057 762 2116 ἃ
786 2051 881 2119 filum
898 2054 1056 2121 orationis
1069 2056 1168 2121 inter·

198 2163 339 2233 rumpat.
366 2148 489 2234 Neque
509 2143 584 2212 sane
601 2142 756 2233 ambigua
775 2139 822 2209 est
847 2140 1008 2212 sententia
1026 2169 1035 2214 :
1050 2153 1082 2214 δι
1103 2169 1170 2232 op-

199 2239 283 2309 time
302 2240 455 2327 congruit
478 2259 553 2307 cum
577 2238 725 2303 oratione
741 2231 903 2302 Lachetis.
925 2230 1034 2304 Bentl.
1066 2237 1169 2308 dicit:

201 2335 321 2393 omnium
344 2333 483 2392 mulierum
502 2327 624 2394 crimen
648 2330 682 2393 in
706 2349 880 2395 commune
904 2323 1063 2414 proferri3
1082 2328 1170 2398 male

200 2419 213 2484 i
240 2421 304 2485 itur
323 2417 434 2486 inferri
460 2415 521 2484 hoc
544 2421 669 2501 socruum
696 2416 868 2508 singulare.
893 2417 1011 2506 Atque
1035 2417 1097 2487 hoc
1121 2425 1171 2508 ip·

201 2441 273 2576 sim
296 2532 363 2578 non
387 2509 433 2578 est
449 2528 515 2578 tarn
530 2505 690 2598 singulare
702 2533 800 2595 quam
822 2532 997 2579 commune
1019 2517 1171 2581 omnium

203 2601 402 2683 mulierum,
419 2624 502 2690 quae
523 2600 655 2688 quidem
681 2598 791 2667 socrus
811 2598 896 2687 smt3
914 2600 954 2668 cf.
972 2628 1002 2672 v·
1017 2625 1147 2698 43--45
1158 2654 1169 2687 ,

204 2694 255 2760 uti
274 2698 306 2759 u
328 2692 410 2761 illud
436 2702 507 2760 viris
528 2695 662 2778 adversas
689 2696 738 2778 ff
760 2715 864 2779 aeque
896 2698 1065 2777 omnium,
1083 2722 1169 2786 quae
1250 2732 1254 2748 ³

204 2782 339 2873 quidem
363 2805 484 2874 nuptae
507 2782 576 2856 smt.
594 2782 726 2852 Ptidem
754 2782 897 2872 denique
911 2784 1040 2856 versum
1058 2790 1170 2879 exple·

203 2893 280 2944 tunt
296 2877 401 2965 pede,
423 2875 571 2944 addendo
587 2875 661 2942 huic
680 2874 788 2944 versui
810 2885 906 2963 viris3
935 2903 1033 2966 quam
1049 2905 1172 2952 vocem

204 2963 315 3042 Bentl.
329 2967 394 3058 seq·
415 2970 586 3056 praeponit
600 2968 765 3055 ,facitque
779 2974 849 3032 viris
862 2975 1096 3060 adversariaeque
1109 2981 1173 3044 &es

205 3143 229 3216 S
252 3059 308 3217 gn.
340 3068 390 3129 16.
409 3065 479 3146 scio.
508 3056 618 3129 Bentl.
637 3058 677 3125 id·
698 3058 835 3128 verbum
855 3062 941 3130 male
966 3062 1055 3132 addit
1077 3065 1171 3136 dietis

231 3171 251 3216 o
281 3169 376 3220 ratae·
738 3204 740 3211 .

253 3269 329 3335 pag.
347 3243 422 3333 285.
441 3240 498 3310 lin·
520 3264 570 3310 11.
584 3247 767 3331 magnificare.
783 3239 935 3311 Erasmus
954 3241 1046 3314 dedit
1060 3257 1172 3338 magni-

200 3340 316 3424 facere,
335 3334 425 3424 quod
449 3333 479 3400 h.
512 3333 535 3402 l.
561 3340 594 3402 ie
616 3360 666 3424 ap.
694 3333 803 3404 Plaut.
828 3330 937 3403 Bentl.
968 3338 1109 3424 praefert
1129 3366 1174 3412 ex

205 3427 282 3498 suis.
591 3492 596 3501 a

252 3519 309 3587 lin.
329 3541 372 3603 14
395 3515 442 3605 sq·
465 3544 494 3582 eo
514 3524 619 3583 domum
633 3521 863 3605 studea-redeas.
892 3514 945 3586 Sic
965 3518 1080 3588 Faern.
1105 3522 1174 3592 edi·

207 3610 257 3679 dit
281 3608 443 3678 extribus
464 3608 697 3695 antiquissimis.
720 3607 796 3676 Alii
822 3632 852 3674 ur
873 3619 962 3675 redeat
970 3635 982 3696 3
999 3618 1030 3678 ἃ
1060 3610 1171 3684 Bentl.

208 3720 374 3789 praeterea
397 3706 462 3763 iaec
484 3702 584 3766 vertit
596 3701 631 3766 in
654 3705 745 3778 hanc,
760 3706 792 3766 δι
814 3699 965 3770 subaudit
987 3713 1071 3770 redire
1086 3707 1108 3775 l.
1126 3737 1173 3774 re·

208 3819 315 3860 vocare.
338 3788 388 3857 lta
408 3787 465 3857 ille
484 3812 623 3879 magnus
640 3785 749 3859 Bentl.

240 3907 315 3974 pag.
333 3879 398 3972 287
411 3881 469 3948 lin.
483 3903 516 3971 9.
535 3881 609 3948 Alii
629 3879 784 3970 scripti&
800 3881 954 3972 edd.p0st
969 3888 1064 3971 fiamus
1082 3891 1173 3981 inge·

208 3992 286 4044 runt
311 3979 433 4039 mulieres
441 3997 454 4059 ;
477 3979 509 4038 δι
527 3970 620 4054 sunt,
635 3977 693 4061 qui
716 3996 870 4044 vocema
893 3977 995 4067 gloffa
1017 3978 1173 4053 insertam
1247 3978 1251 3985 ’
1286 4059 1289 4063 ,

208 4085 320 4136 contra
329 4062 438 4135 versus
452 4062 605 4132 trochaici
616 4070 799 4147 rationem,
814 4070 1037 4138 auuoritatem
1054 4067 1170 4143 Bemb.

208 4185 247 4228 ac
265 4157 423 4228 iudicium
438 4153 557 4224 Faerni
570 4160 743 4229 retineant.
764 4157 842 4226 Nos
865 4160 951 4230 hune
971 4185 1047 4230 cum
1062 4157 1171 4235 Bentl.

209 4250 382 4341 sequimur.
447 4320 451 4332 ,
657 4306 659 4309 ,
1130 4307 1136 4334 ,

238 4367 315 4437 pag.
336 4342 401 4436 289
415 4340 471 4412 lin.
489 4361 518 4432 3.
534 4348 585 4410 Cui
600 4365 700 4429 quanto
716 4347 778 4415 &a
790 4338 903 4416 Bentl.
913 4348 1010 4499 megi
1029 4352 1063 4414 de
1077 4347 1172 4424 affee-

1003 4458 1047 4499 cn
