2809 5234
499 797 830 877 HECYRA.
930 832 933 837 ·

1102 811 1187 917 32⁹,

198 965 265 1049 Hic
284 964 390 1041 video
410 986 466 1038 mc
487 959 555 1032 esse
591 957 735 1036 invisam
755 956 930 1034 immerito
946 980 957 1029 ι
972 973 1109 1056 tempus
1122 959 1181 1056 ¹est
1203 1019 1206 1025 .

394 1082 612 1181 concedere:

198 1211 253 1292 Sic
277 1227 421 1308 optume
437 1262 449 1299 ‚
465 1228 504 1280 ut
524 1231 595 1306 ego
619 1205 778 1302 opinor,
801 1228 922 1286 omnes
942 1202 1059 1281 causas
1077 1229 1198 1302 prae..

389 1330 500 1402 eidam
525 1327 712 1418 omnimo,

199 1457 245 1534 Et
266 1478 322 1535 me
362 1453 426 1526 hac
447 1451 634 1548 suspicione
656 1448 855 1541 exsolvam,
873 1467 908 1522 et
930 1446 998 1524 illis
1017 1458 1027 1490 ¹
1044 1472 1180 1527 morem
1262 1490 1276 1501 ’

396 1572 541 1672 gessero.

199 1696 282 1770 Sine
314 1720 370 1770 me
382 1748 395 1787 ,
416 1693 587 1786 obsecro,
607 1693 676 1768 hoc
691 1691 839 1791 effugere
854 1746 866 1785 ,
882 1690 1038 1790 volgus²
1054 1713 1121 1797 qu·
1137 1689 1180 1760 1³

399 1817 488 1889 male
508 1815 602 1889 audit
621 1815 819 1888 mulierum.

202 1943 267 2020 Pa.
283 1958 300 2004 ⁴
318 1942 433 2042 Quam
468 1937 662 2020 fortunatus
684 1938 804 2012 ceteris
820 1935 892 2015 sum
912 1933 1035 2031 rebus,
1055 1933 1182 2034 absque

397 2087 467 2136 una
489 2061 552 2134 hac
575 2060 668 2133 foret
689 2083 721 2152 τ,

1129 2080 1173 2154 25

204 2185 300 2267 Hanc
320 2200 466 2264 matrem
489 2182 617 2256 habens
629 2182 748 2273 talem,
766 2181 859 2256 illam
877 2187 990 2262 amem
1009 2170 1181 2260 uxorem!

386 2313 439 2406 ‚³3
457 2306 625 2399 obsecro,
642 2306 690 2378 mi
707 2305 908 2403 Pamphile,

205 2435 290 2515 Non
302 2432 376 2516 tute
391 2433 648 2505 incommodam
664 2456 758 2523 rem,
779 2448 817 2504 ut
841 2454 998 2530 quaeque
1022 2427 1069 2503 est
1086 2439 1101 2477 ⁶
1111 2481 1123 2523 ‚
1139 2428 1177 2504 in

404 2551 558 2655 ¹animum
585 2552 725 2627 induces
758 2552 863 2652 pati?

251 2834 264 2884 ι
292 2813 369 2885 Mire
388 2817 460 2889 illis,
477 2837 539 2883 nou
566 2818 653 2884 numi·

185 2942 187 2949 ·
207 2926 265 2995 Sed
280 2950 372 2989 mrem
386 2925 651 3012 gofferoacriusdic·

209 3053 291 3108 tum,
305 3037 499 3119 tamquamilli
511 3034 530 3097 s.
543 3038 605 3100 illue
620 3058 653 3093 o·

208 3139 261 3205 lim
272 3141 432 3217 voluerint,
447 3163 477 3203 ut
490 3143 651 3228 expellere.

209 3267 255 3306 tur
267 3245 339 3337 ipsa.
362 3246 435 3308 Non
452 3248 557 3310 mirum
570 3271 651 3327 vero,

164 3393 167 3396 -
209 3348 343 3414 homines
364 3352 445 3423 -salso
478 3354 625 3447 suspcstos
639 3401 650 3430 ,

209 3479 256 3530 aut
275 3461 422 3526 immerito
440 3461 568 3536 invisor,
590 3483 651 3524 tan·

210 3565 276 3636 dem
291 3565 351 3626 ficri
364 3567 544 3649 suspiciosos.

128 3657 130 3662 ’
252 3669 356 3730 2Scih
379 3673 528 3731 indouum
550 3682 577 3732 &
598 3695 651 3732 ex..

212 3773 414 3865 pershonesti.

256 3905 270 3963 3
286 3882 338 3945 Ob
351 3884 447 3968 quod,
458 3882 517 3945 scil.
530 3882 598 3945 illud
614 3881 654 3960 H,

218 4017 230 4066 1.
241 4040 251 4070 ‚
263 4019 282 4070 4
298 4016 349 4066 unc
362 3995 450 4061 animo.
466 4017 554 4065 onnes
562 3997 655 4088 sumu

213 4099 438 4166 oderuntnurur.

257 4229 277 4280 4
300 4204 422 4286 Pamph.
450 4209 548 4270 matrIs
568 4209 659 4269 inno-

218 4300 496 4380 centia-Sc'bonitdtc
515 4312 660 4380 mirumiu

735 2817 855 2884 modum
872 2814 989 2886 affecius
1001 2863 1010 2890 ‚
1022 2824 1049 2878 &
1066 2813 1185 2879 simula·

733 2950 846 2991 morem
874 2907 1061 2994 Philumenae
1087 2927 1183 2986 dimit-

736 3056 795 3103 tere
815 3058 875 3119 non
889 3033 987 3095 valens
998 3065 1013 3107 ,v
1027 3033 1068 3093 ita
1087 3030 1182 3092 sensus

736 3144 802 3206 suos
825 3145 941 3229 prodit,
954 3163 983 3204 ut
996 3151 1023 3202 &
1037 3143 1086 3228 pie
1095 3142 1181 3207 matri

738 3249 929 3337 respondeat,
962 3268 1055 3330 neque
1085 3266 1181 3307 veram

736 3356 847 3418 discidii
870 3354 980 3417 causam
997 3352 1104 3415 efferat.

780 3486 794 3539 5
812 3463 874 3523 Nisi
894 3463 964 3523 haec
981 3483 1037 3522 una
1055 3482 1100 3521 res
1114 3453 1182 3522 effet

735 3571 931 3639 incommoda.
967 3568 1031 3652 Ipse
1065 3569 1182 3652 quidem
1305 3575 1313 3588 ‘

704 3751 707 3758 Ι
734 3697 849 3756 partum
867 3676 965 3735 uxoris
982 3673 1109 3734 alienum
1125 3697 1181 3755 pu·

737 3799 799 3840 tans
810 3827 818 3855 ,
831 3783 948 3842 iradicit
961 3827 969 3856 ,
983 3802 1012 3843 ut
1025 3800 1183 3843 matercre·

739 3889 785 3950 dat
803 3889 974 3951 discordiam
986 3891 1184 3967 Philumenae,

738 3998 776 4056 ob
791 4020 877 4082 quam
896 4000 957 4081 ipse
974 3986 1087 4060 haereat
1107 4000 1184 4068 inter

739 4104 879 4186 pietatem
899 4115 926 4166 dr
945 4125 1083 4166 amorem.

787 4219 803 4268 6
825 4209 853 4269 h.
870 4231 896 4268 c.
915 4207 1119 4293 qualiscunque
1133 4209 1185 4283 illa

744 4310 842 4383 cessit.
864 4312 950 4374 Nihil
967 4313 1045 4377 cuim
1065 4313 1183 4384 definito
