2809 5234
101 185 1260 549 ψ

438 852 586 928 uuo
609 850 644 924 n
668 810 821 923 ntro:
1065 864 1140 945 ‚¹93

165 1021 238 1099 tui
259 1018 375 1096 minus
395 1016 510 1092 nihilo
536 1012 618 1088 est?
637 1010 762 1111 quod,
783 981 889 1082 hic'fi
911 1026 996 1106 pote
1024 1007 1142 1083 fuisset

358 1163 535 1216 exorarier

166 1258 342 1341 Triduum
366 1261 457 1352 hoc,
476 1232 680 1358 promiffum
701 1256 815 1331 fuerat
835 1269 859 1329 ¹.
877 1257 923 1332 A.
938 1257 1032 1330 itane
1045 1257 1141 1334 hunc

359 1385 564 1484 patiemur,
583 1385 701 1475 Geta,

115 1513 127 1527 ”
171 1503 261 1579 Fieri
275 1501 451 1594 miserum,
473 1502 535 1600 qui
554 1526 610 1575 me
631 1499 789 1590 dudum,
803 1515 845 1571 ut
863 1495 978 1589 dixti,
998 1494 1147 1584 adiuvei

369 1628 417 1701 rit
436 1628 619 1702 comiter?
1176 1606 1179 1611 ’

171 1739 294 1833 Quin,
314 1762 395 1811 curn
406 1761 495 1834 opus
507 1734 575 1827 est,
589 1733 797 1810 beneficium
808 1737 943 1811 rursum
958 1736 990 1810 ei
1009 1738 1146 1835 expeti

368 1879 446 1928 mur
468 1853 640 1928 reddere?
1120 1878 1140 1956 5

176 1983 220 2055 G.
244 1980 323 2055 Scio
344 1979 509 2079 equidem
532 1979 602 2051 hoc
627 1976 694 2050 effe
713 2003 877 2077 aequom.
898 1982 946 2054 A.
962 2005 1025 2078 age
1037 2005 1122 2080 ergo
1130 1997 1148 2074 ,'
1264 2018 1275 2031 ·

367 2104 461 2179 solus
486 2102 625 2201 servare
647 2103 742 2176 hunc
763 2123 877 2200 potes.

175 2235 223 2306 G.
235 2229 332 2323 Quid
343 2227 466 2302 faciam
483 2230 526 2299 ¹?
541 2231 587 2301 A.
599 2227 756 2301 invenias
766 2245 959 2326 argentum.
973 2227 1156 2324 (Lcupiot¹

373 2351 455 2442 sed,
479 2353 516 2426 id
535 2352 629 2426 unde
647 2406 660 2444 ,
681 2353 804 2427 edoce.

173 2481 221 2552 A.
240 2479 340 2551 Pater
365 2476 458 2550 adest
479 2478 536 2553 hic
556 2499 581 2551 ι.
606 2481 651 2551 G.
673 2475 746 2550 scio
766 2504 775 2548 :
795 2473 854 2548 sed
877 2477 963 2575 quid
978 2479 1080 2550 tum?
1098 2476 1151 2563 Α.Ῐ

372 2608 416 2680 ah
427 2660 439 2700 ,
461 2590 599 2680 didum
613 2608 758 2706 sapienti
782 2605 832 2679 sat
852 2602 912 2680 est.

176 2785 355 2845 betationem
384 2786 418 2847 de
441 2784 622 2847 conficienda
744 2808 756 2847 1
777 2786 901 2845 Triduum
914 2781 987 2854 hoc,
1001 2791 1028 2840 ἃ
1039 2781 1150 2864 promis-

175 2888 355 2967 Phaedriae,
383 2893 419 2954 ad
446 2894 621 2966 emendam,
697 2895 758 2975 sum
772 2891 945 2965 facient‚ut
963 2890 1046 2949 citius
1069 2892 1150 2950 auxi-

176 3026 262 3087 quam
274 3005 399 3080 amabat,
423 3004 547 3081 servam,
570 3026 621 3088 pe-

174 3110 275 3183 cunia3
287 3111 362 3168 unde
370 3131 404 3170 ea
414 3115 509 3172 evenit
520 3134 616 3172 rerum

177 3210 341 3293 dispositio,
359 3232 431 3296 quae
458 3222 485 3273 dt
509 3215 545 3274 ad
559 3235 621 3286 vno·

176 3314 622 3398 dumimplicandum,&adfutu·

175 3447 239 3486 rum
252 3425 359 3484 exitum
376 3427 543 3488 comoediae
558 3446 619 3488 ten·
649 3470 653 3483 .

176 3525 228 3587 dit.
248 3527 319 3588 Ant.
333 3525 392 3590 scil.
409 3530 563 3594 Phaedriae
578 3534 621 3593 vi-

175 3655 240 3695 cem
253 3635 370 3710 dolens,
383 3647 410 3698 dr
430 3661 482 3720 pat
498 3662 553 3720 pro
564 3661 618 3719 pa·

178 3741 204 3797 ri
224 3741 340 3804 reddere
358 3743 495 3818 cupiens,
513 3739 623 3800 Getam

179 3840 293 3920 semper
312 3839 447 3899 callidum
468 3842 502 3901 ad
520 3863 625 3923 argen-

115 4013 120 4021 ,
180 3959 242 4009 'tum
256 3946 460 4007 inveniendum
474 3964 624 4027 provocat.

178 4053 258 4117 Geta
271 4050 428 4136 pollicetur
442 4098 451 4125 ‚
473 4051 492 4111 sr
514 4051 626 4112 adiuto-

178 4184 241 4225 rem
274 4161 381 4223 fraudis
413 4159 623 4222 Phormionem

179 4269 279 4331 habeat
288 4290 299 4345 3
314 4268 350 4330 ad
367 4289 454 4352 quem
476 4269 566 4352 igitur
584 4289 619 4330 a·

178 4378 266 4440 ineunt
282 4378 403 4442 Geta&
419 4379 567 4443 Phaedria.

126 4555 128 4557 Ι
231 4469 389 4536 Terentius
415 4467 455 4540 T.
474 4465 527 4537 11.

702 3003 775 3064 lium
788 3006 926 3065 inveniat.

740 3134 756 3169 2
776 3113 892 3170 Astutus
909 3109 1027 3179 servus,
1047 3106 1148 3167 dolum

702 3213 844 3273 meditans
864 3184 895 3270 iri
919 3210 1031 3284 senem,
1049 3214 1149 3293 expri-

703 3341 783 3380 mere
801 3319 889 3379 studet
912 3318 1096 3397 Antiphonis
1113 3320 1148 3379 de

702 3449 736 3487 ea
760 3448 790 3486 re
820 3424 952 3498 sensum,
976 3444 1005 3484 ut
1032 3423 1149 3498 habear,

703 3554 764 3617 quo
778 3516 909 3593 adversus
927 3531 1003 3592 hunc
1027 3527 1055 3590 se
1074 3551 1151 3591 tuea-

702 3659 764 3714 tur,
790 3639 809 3699 h'
831 3644 862 3700 in
878 3641 1018 3700 maiorem
1040 3658 1150 3700 metum

706 3745 855 3804 adduxerit
873 3743 974 3819 illum3
994 3743 1068 3819 nihil
1086 3744 1150 3803 her·

709 3844 751 3904 cle
766 3866 869 3927 putant
882 3847 968 3906 tridui
982 3844 1150 3907 sollicitudi-

708 3970 775 4008 nem
784 3971 795 4026 ς
814 3947 849 4010 cf.
863 3949 956 4012 Andr.
973 3952 1021 4024 11,
1042 3962 1069 4025 6,
1079 3973 1108 4020 9·

752 4073 765 4131 3
792 4051 939 4114 Subtiliter
961 4056 1075 4125 innuit,
1095 4075 1150 4134 pa·

706 4181 777 4221 trem
796 4160 953 4223 fallendum
965 4159 1029 4225 effe.
1043 4162 1150 4247 Neque

702 4268 734 4328 id
752 4266 818 4329 facit
830 4313 839 4342 ‚
867 4267 918 4326 nisi
937 4271 1023 4329 amici
1048 4269 1129 4332 causa
1136 4331 1147 4362 ,
1191 4271 1208 4348 e

706 4386 734 4441 δι
756 4379 795 4442 ob
822 4377 985 4535 periculum
1004 4381 1035 4440 in
1056 4400 1154 4475 mota,
