2809 5234
264 533 333 611 106
526 530 999 606 P.TERENT11

261 701 303 772 P.
315 694 551 796 NusquamaG.
561 715 633 770 tum
647 711 683 768 tu
697 693 801 793 igitur
813 694 984 792 paululum
997 695 1038 767 da
1053 691 1136 767 mihi
1148 717 1231 792 ope·

430 847 513 899 ¹rae:
539 819 594 894 fac
615 840 652 892 ut
673 818 828 892 admittar
1184 843 1228 917 50

194 938 198 945 ’
259 946 313 1024 Ad
328 945 417 1019 illam
438 961 461 1018 ¹.
480 949 520 1019 P.
542 970 603 1044 age
625 944 733 1018 modo
749 957 785 1033 ²,
797 927 886 1020 nunc
899 941 960 1017 tibi
973 959 1087 1041 patent
1104 959 1116 1011 ³
1136 943 1230 1021 fores

432 1072 510 1159 hae,
530 1069 609 1168 quia
628 1065 722 1140 istam
744 1067 847 1141 (lucia.

93 1266 97 1274 .
168 1234 170 1240 ⁸
259 1197 303 1270 G.
319 1197 410 1270 Num
425 1220 526 1293 quem
544 1191 679 1267 evocari
696 1192 775 1263 hine
788 1191 840 1264 vis
855 1190 946 1265 foras
961 1191 1003 1263 ⁴?
1021 1198 1060 1268 P.
1078 1193 1146 1269 fine
1157 1248 1169 1287 ,
1182 1193 1230 1268 bi·

436 1322 539 1393 duum
558 1319 624 1393 lroc
644 1333 837 1415 praetereat.

258 1444 328 1537 Qui
344 1443 424 1517 rnihi
439 1468 527 1517 nunc
539 1468 609 1516 uno
622 1441 765 1542 digitulo
777 1437 868 1514 fores
882 1441 990 1538 aperis
1002 1441 1209 1531 fortunatus,
1286 1450 1292 1461 '

259 1570 333 1641 Nae
345 1588 380 1639 tu
393 1567 483 1658 illas,
498 1565 575 1639 saxo
595 1581 628 1656 ⁵,
642 1566 787 1639 calcibus
805 1552 899 1662 saepe
914 1565 1082 1640 insultabis
1101 1566 1229 1641 frustra.

258 1694 303 1765 G.
319 1692 424 1766 Etiam
440 1717 526 1764 nunc
542 1691 591 1766 bis
605 1689 687 1778 llas,
703 1692 869 1765 Parmeno
885 1688 1008 1764 ⁶leho
1021 1710 1179 1764 numnam
1193 1709 1228 1765 tu

220 1908 224 1914 ²
430 1818 486 1891 hic
504 1817 639 1890 relillus
659 1815 796 1903 custos,
1184 1839 1224 1914 55

258 1943 313 2020 Ne
337 1943 411 2042 quis
434 1943 522 2017 sorte
541 1942 764 2017 internuntius
785 1940 870 2015 clam
899 1965 918 2013 a
943 1939 1049 2014 milite
1073 1941 1116 2014 ad
1135 1938 1230 2014 islant
1310 1985 1314 1992 -

429 2068 587 2142 cursitet?

259 2196 302 2266 P.
322 2197 436 2266 Facete
456 2193 577 2267 dilium
595 2207 621 2267 ⁷.
638 2192 723 2266 mira
734 2215 841 2280 vero,
855 2191 952 2264 militi
966 2215 1051 2290 quae
1067 2192 1229 2290 placeant.

258 2317 323 2390 Sed
340 2312 443 2390 vide'o
458 2317 595 2392 herilem
609 2317 715 2391 siliunt
727 2317 895 2390 minorem
908 2317 975 2390 hue
988 2317 1156 2391 advenire.
1249 2323 1251 2327 ’

183 2490 189 2501 ·
257 2445 391 2536 Miror,
423 2441 506 2542 quid
530 2452 579 2516 'ex
612 2444 730 2517 Piraeo
763 2441 908 2516 abierit:
936 2466 1015 2514 nam
1044 2440 1091 2513 'rbi
1121 2438 1231 2513 eustos

431 2567 565 2666 publice
587 2567 633 2640 ell
657 2565 800 2642 nunc⁸:

247 2808 250 2813 ’
303 2807 413 2870 1Hoe
435 2807 512 2890 quast
539 2807 713 2890 supplicantis
775 2805 879 2890 squod
893 2806 987 2880 credo,
1006 2810 1079 2890 quod
1086 2807 1169 2891 faxo.
1283 2801 1291 2853 ¹·

106 2897 109 2905 ’
191 2958 193 2963 .
257 2902 335 2965 vultu
347 2904 383 2965 ad
395 2903 543 2966 irrisionem
559 2904 637 2964 dicit.
817 2901 837 2962 6
854 2901 931 2962 Haec
945 2925 979 2964 ex
995 2904 1109 2965 aedibus
1117 2903 1232 2967 Thaidis

301 3024 317 3062 2
336 3002 370 3063 Et
382 3004 435 3064 hoc
452 3003 543 3064 Parm.
554 3002 665 3074 secum,
679 3024 713 3062 ac
775 2998 907 3083 regressus
924 2999 997 3061 dicit.

246 3095 307 3157 'sub
322 3096 414 3181 lingua
429 3117 612 3158 murmurans.
630 3094 674 3158 Sic
684 3094 717 3156 &
816 3092 951 3170 7Ironia.
961 3093 1024 3154 dein
1039 3092 1114 3176 quast
1126 3094 1231 3154 dicens:

258 3195 384 3273 proxime
398 3192 546 3278 sequentia.
776 3188 812 3248 nil
828 3190 946 3263 mirum,
964 3209 1010 3266 te,
1029 3193 1171 3253 hominem
1185 3192 1231 3247 in-

254 3365 260 3376 ·
302 3305 316 3367 3
335 3286 422 3351 Bentl.
439 3292 482 3352 hic
498 3291 529 3352 δι
548 3308 582 3373 53
601 3289 640 3348 ob
655 3310 716 3350 me·
776 3284 905 3361 ficetum,
919 3286 996 3369 polle
1012 3289 1120 3370 placete
1129 3282 1231 3347 insulso

257 3396 332 3439 rturn
347 3387 455 3464 reponit
466 3383 533 3466 sing.
543 3383 618 3464 fiatis
628 3384 715 3459 haec,
776 3383 865 3445 militi.
888 3385 966 3447 Tum
987 3387 1034 3448 illo
1053 3386 1231 3468 despicienter

249 3477 358 3564 florem(
369 3481 444 3562 quod
465 3502 538 3542 certe
558 3478 713 3543 Plautinum
772 3479 891 3555 omisso,
902 3472 1030 3548 aliorsum
1043 3483 1137 3549 versus
1153 3481 1233 3544 videt

258 3574 324 3658 est),
334 3577 434 3638 &dein
448 3599 483 3662 54
493 3579 633 3660 islancpro
642 3577 714 3658 illas.
774 3600 828 3653 ea,
847 3581 946 3662 quibus
956 3583 1068 3664 propius
1082 3582 1209 3662 tangitur.

286 3670 391 3746 4Haec
408 3673 526 3734 domum
535 3668 651 3731 Thaidis
662 3674 708 3731 in·
810 3674 984 3737 8Adversus
1003 3672 1173 3759 praedonum
1186 3671 1234 3727 in-

258 3765 382 3847 grediens
393 3768 498 3828 ironice
507 3768 657 3849 interrogat
665 3763 714 3828 ser·
774 3768 864 3830 cursus
873 3769 925 3829 illic
939 3766 1093 3831 excubabat
1105 3769 1234 3824 iuventus

259 3882 338 3923 vum.
777 3863 879 3925 Attica.
889 3862 974 3922 Poeta
982 3859 1100 3921 ostendit
1111 3854 1233 3930 causam,

304 3955 393 4032 rhfl.
415 3953 570 4036 simpliciter
585 3956 717 4035 ponitur,
777 3975 863 4038 qtrare
888 3955 997 4037 ignotus
1024 3952 1142 4026 vicinis,
1169 3951 1234 4013 dein

263 4051 302 4109 uti
318 4049 360 4110 iila
378 4052 472 4126 credo,
488 4052 600 4135 opinor,
620 4073 672 4135 pro
689 4072 719 4113 ur
780 4050 898 4134 potuerit
910 4071 962 4133 pro
972 4049 1100 4112 eunucho
1108 4048 1216 4115 deduci.
