2809 5234
519 882 1964 1000 HEAUTONTIMORUMENOS.
2114 916 2255 992 239

325 1044 554 1164 Nam?
584 1066 660 1120 ut
683 1044 810 1119 alia
848 1045 1152 1119 omittam
1177 1101 1201 1135 ,
1234 1045 1590 1141 pitissando
1620 1046 1831 1118 modo
1876 1046 2040 1120 mihi
2164 1067 2175 1079 ·

331 1173 520 1267 Quid
548 1170 690 1246 vini
730 1168 1137 1267 absumpsit?
1168 1171 1253 1245 fic
1293 1185 1311 1219 ¹
1344 1218 1366 1254 ‚
1399 1175 1509 1242 hoc
1530 1224 1553 1258 ,
1581 1170 1849 1258 dicens,
1880 1168 2163 1265 ψει-μνη
2185 1227 2209 1263 ,

335 1272 533 1371 Ptiter
561 1309 627 1386 ²,
679 1299 790 1368 hoc
831 1298 912 1400 5st
931 1324 959 1366 .·
1010 1300 1192 1366 aliud
1240 1298 1445 1366 lenius
1470 1348 1491 1381 ‚
1514 1296 1751 1388 sodex„
1785 1299 1945 1367 vide.
2176 1320 2267 1395 50

331 1421 568 1497 Relevi
608 1420 791 1492 dolia
833 1421 1061 1492 omnia
1088 1471 1109 1505 ,
1152 1442 1387 1490 omnes
1431 1418 1666 1491 serias:

335 1548 592 1620 Omnes
628 1545 826 1617 habui
861 1543 1231 1617 sollicitos:
1280 1563 1477 1639 atque
1526 1542 1690 1614 haee
1732 1565 1867 1614 una
1910 1566 2070 1617 nox.

337 1669 525 1765 Quid
565 1687 631 1743 te
672 1669 968 1767 fetrum
1013 1663 1234 1767 censes
1259 1682 1288 1755 ,·
1307 1689 1506 1764 quem
1548 1665 1792 1739 affidue
1834 1669 2171 1743 exedent?

341 1794 445 1868 Sic
485 1818 594 1866 me
637 1793 729 1866 dii
767 1792 1125 1881 amabunt,
1168 1809 1240 1864 ut
1285 1814 1396 1863 me
1437 1802 1694 1861 tuarum
1740 1789 2098 1865 miseritum
2135 1794 2267 1885 est,

340 1917 767 2008 Menedeme,
795 1915 1228 1988 fortunarum.
1253 1918 1356 1987 M.
1392 1927 1415 1979 ³
1445 1912 1679 2002 faciatj
1704 1915 1893 2011 quod
1920 1915 2138 1991 lubet:
2179 1946 2259 2020 ,ς

335 2040 608 2132 sumat,
633 2040 982 2114 consumat
1002 2086 1026 2124 ‚
1059 2040 1335 2134 perdat:
1365 2037 1708 2110 decretum
1738 2034 1831 2108 est
1860 2039 1997 2134 pati
2023 2089 2048 2126 ‚

293 2246 298 2253 ,
338 2164 526 2239 Dum
575 2166 759 2240 illum
807 2162 1337 2237 modo-habeam
1389 2186 1679 2235 mecum.
1737 2164 1812 2231 C.
1847 2177 1875 2223 ⁴
1917 2161 1966 2235 fi
2010 2186 2264 2241 certum

673 2287 768 2363 est
802 2287 924 2359 tibi

337 2412 449 2487 Sic
496 2411 717 2487 faeere
735 2466 759 2503 ,
807 2410 969 2484 illud
1018 2409 1362 2508 permagni
1413 2407 1663 2482 referre
1709 2409 1996 2525 arbitror
2019 2464 2045 2502 ,

340 2537 438 2607 Ut
498 2535 893 2608 nescientem
941 2533 1169 2607 sentiat
1218 2551 1288 2606 te
1329 2531 1397 2605 id
1448 2532 1566 2604 fibi
1620 2535 1800 2608 dare.
1960 2504 2011 2569 .

341 2659 448 2732 Μ.
491 2657 684 2752 Quid
739 2655 1036 2732 faciam?
1088 2662 1156 2731 C.
1200 2656 1474 2755 quidvis
1522 2658 1748 2754 potius
1775 2713 1801 2749 ‚
1836 2684 2033 2760 quam
2087 2635 2291 2763 quod·

681 2778 981 2882 cogitas:
2175 2789 2272 2861 60

340 2906 467 2980 Per
509 2903 711 2980 alium
763 2906 1074 3006 quemvis
1114 2921 1190 2977 ut
1241 2902 1406 2990 des;
1447 2902 1582 2974 fani
1630 2924 1697 2975 te
1731 2902 1894 2979 fines

430 3123 453 3163 1
495 3100 646 3165 Cum
670 3102 913 3187 emphasi
952 3102 1123 3174 dicit,
1159 3100 1253 3163 sed
1373 3121 1554 3177 nunc,
1585 3101 1641 3160 in
1678 3099 1850 3163 filium
1889 3101 2164 3166 consulere
2183 3127 2280 3167 cu-

340 3224 636 3291 exaggerat
679 3204 1005 3289 percellendi
1050 3205 1251 3281 causa3
1374 3227 1515 3267 rans·
1571 3205 1683 3267 Alii
1730 3226 1911 3289 patres
1949 3212 2096 3292 prius
2136 3211 2279 3274 iusto

340 3330 413 3370 an
442 3309 597 3393 quod
631 3309 743 3392 ipse
781 3308 942 3370 senex
973 3306 1051 3369 est
1089 3324 1250 3371 tena-
1368 3309 1490 3371 sunt
1540 3310 1966 3396 indulgentiores
2008 3314 2064 3372 in
2101 3313 2237 3376 filios
2255 3360 2279 3387 ,

341 3415 475 3475 tior.
1370 3415 1499 3477 dein
1534 3418 1886 3500 peccantibus
1924 3420 2087 3481 nimis
2111 3441 2280 3501 quam

424 3536 459 3577 2
483 3514 812 3579 Honorifice
840 3517 1022 3581 senem
1047 3515 1122 3579 fic
1153 3540 1247 3602 ap-
1367 3519 1679 3582 succensent
1698 3569 1718 3603 ,
1751 3544 1879 3584 cum
1901 3524 1953 3586 ie
1975 3524 2146 3586 laesos
2168 3548 2281 3607 pu-

341 3622 563 3705 pellans.
604 3624 676 3686 Et
717 3645 857 3685 mox
890 3627 1052 3707 sodes
1081 3627 1251 3686 blan·
1371 3627 1649 3693 tant.Scil.
1660 3635 2012 3715 quamplures
2024 3655 2136 3694 non
2153 3656 2280 3696 cum

342 3730 554 3789 dientis.
567 3729 844 3790 Imitando
863 3731 999 3791 haec
1015 3751 1260 3812 pronun·
1376 3737 1583 3799 ratione
1621 3757 1787 3822 agunt
1802 3785 1821 3813 ,
1853 3739 1943 3802 sed
1976 3744 2158 3823 prouti
2198 3740 2281 3802 fe-

346 3825 496 3887 tiass'e
531 3828 749 3887 videtur
769 3827 1065 3893 Chremes.
1378 3855 1567 3896 cuntur
1605 3859 1776 3899 caeco
1816 3845 2047 3923 impetu.

442 3952 469 4015 3
513 3931 599 3993 En
628 3950 841 4015 patrem
862 3979 884 4005 ,
918 3938 1005 3995 cui
1040 3936 1126 3996 ille
1165 3935 1262 3998 fuit
1463 3967 1502 4016 4
1547 3943 1799 4008 Tertium
1842 3951 1951 4041 iam
1999 3950 2287 4011 confilium

345 4041 556 4112 unicus,
578 4039 613 4099 1.
645 4038 828 4120 potius
859 4042 952 4121 qui
974 4038 1026 4100 se
1051 4040 1106 4097 in
1133 4041 1255 4099 uni·
1375 4045 1684 4126 depromit:
1714 4051 1866 4132 quod
1894 4074 2022 4114 cum
2063 4055 2288 4115 decreto

343 4164 416 4205 co
448 4149 608 4207 unice
643 4144 896 4207 amabat!
940 4141 1013 4207 Et
1037 4147 1257 4230 ingenio
1378 4147 1699 4211 Menedemi
1725 4153 1946 4216 misceat
1965 4200 1987 4226 ‚
2012 4175 2071 4215 ut
2099 4156 2287 4226 saltem

343 4247 442 4312 suo
498 4254 802 4345 vehemens
857 4253 913 4313 in
971 4270 1259 4334 utramque
1381 4273 1499 4315 non
1552 4256 1714 4337 plane
1759 4278 1888 4319 eum
1941 4257 2055 4320 filio
2105 4278 2288 4342 pereat

255 4416 270 4441 ,
349 4376 559 4437 partem
620 4380 797 4443 neque
853 4359 986 4422 olim
1007 4404 1031 4432 ,
1079 4378 1256 4445 neque
1376 4360 1747 4424 Menedemus
1757 4364 1878 4438 3hic
1893 4368 2065 4449 mangis
2083 4348 2282 4432 audiet(-
