2809 5234
286 772 357 852 ,μ
538 690 1047 825 r.renrunrr

391 948 615 1036 Actus
683 963 763 1034 rr.
807 962 1025 1033 scam
1084 963 1167 1034 Vr.

416 1177 656 1252 numurus
677 1230 689 1268 ,
714 1174 923 1277 etcum,
954 1177 1167 1250 nicenis.

482 1323 696 1497 PNthit
720 1413 813 1511 apud
848 1437 904 1485 me
934 1409 998 1484 tibi

280 1547 417 1627 Defieri
446 1545 590 1646 patiar,
620 1542 728 1641 quin,
761 1539 859 1640 quod
895 1563 986 1636 opus
1014 1537 1077 1629 sit,
1107 1536 1273 1640 benigne

473 1667 690 1769 praebeatur.

183 1829 186 1835 ·
279 1794 346 1870 Sed
364 1816 445 1867 cum
461 1809 501 1864 tu
517 1790 654 1884 satura,
672 1809 778 1889 atque
790 1787 886 1867 ebria
901 1787 993 1879 eris,
1010 1812 1099 1901 puer
1117 1808 1159 1863 ut
1172 1788 1269 1865 satur

478 1911 539 2010 fit,
562 1909 669 1998 facito
689 1931 714 1986 ².

274 2038 315 2108 L.
343 2031 470 2108 Noster
493 2030 612 2118 socer,
640 2032 771 2126 video,
801 2030 921 2108 venit:
946 2055 1058 2129 puero
1082 2034 1261 2107 nutricem

475 2151 626 2225 adducit.

226 2221 230 2231 i
274 2274 472 2391 Phidipp„
507 2274 647 2347 Bacchis
669 2258 800 2347 deierat
814 2270 999 2371 persansie.
1022 2278 1069 2350 P.
1089 2277 1259 2350 haeccine

497 2421 538 2469 ea
554 2395 603 2467 est
623 2398 694 2470 Η..
710 2396 796 2469 haec
820 2394 879 2469 esi.
963 2486 968 2496 ἡ
1236 2422 1253 2496 5

274 2529 318 2605 P.
355 2528 431 2601 Nec
459 2525 522 2626 pol
562 2522 642 2597 istae
680 2543 843 2598 metuunt
883 2526 1017 2613 Deos:
1048 2550 1166 2626 neque
1195 2529 1255 2602 has

402 2643 404 2647 ¹
471 2650 639 2749 respicere
663 2651 764 2724 Deos
785 2650 914 2747 opinor
933 2669 958 2724 ι.
1064 2757 1068 2767 ι

317 2892 465 2968 tLaches,
476 2895 524 2978 qui
535 2914 590 2975 pro
600 2912 720 2975 paterna
802 2892 818 2952 I
830 2935 841 2964 ,
857 2914 872 2950 r
886 2936 897 2964 ‚
913 2910 946 2966 51
972 2889 1016 2949 ubi
1029 2908 1059 2949 tu
1071 2906 1145 2950 tuum
1157 2892 1253 2971 panti·

272 3001 455 3086 indulgentia
471 3001 523 3061 fih‘i
545 3001 617 3060 olinr
636 3022 717 3060 arno·
800 3021 853 3060 cem
874 3000 884 3080 (
903 2991 1069 3068 abdomen,
1089 2995 1117 3056 se
1134 2996 1250 3080 semper

276 3128 337 3167 rem
362 3105 535 3188 pertulerat,
554 3125 630 3163 nunc
655 3104 721 3183 post
803 3103 957 3183 pandens)
982 3098 1167 3178 madefecerit,
1184 3124 1255 3184 puer

272 3219 427 3276 commoda
436 3211 670 3274 dietassacehitis
681 3208 722 3271 sa·
802 3234 835 3270 ne
842 3213 931 3289 siccus
938 3213 994 3289 fit,
1007 3207 1104 3287 ficita.

273 3320 310 3379 tis
327 3313 611 3380 huicbenevoiumse
626 3315 719 3373 osten·
845 3336 857 3391 3
883 3314 1024 3392 Quamvis
1048 3312 1131 3374 Phid.
1152 3317 1249 3408 acrius

270 3427 322 3488 dit.
332 3427 388 3487 Sed
404 3427 484 3486 socer
500 3423 714 3506 superveniens,
797 3421 947 3479 invehatur
959 3440 1014 3498 pro
1036 3423 1183 3500 opinione
1201 3424 1249 3481 in·

271 3526 347 3591 filiae
363 3528 443 3590 causa
459 3529 635 3589 acerbiorem
643 3524 670 3585 se
680 3521 720 3585 ab¹
796 3526 905 3596 iuriae,
927 3546 1012 3607 quarn
1037 3524 1139 3588 fecerit
1167 3527 1244 3589 tiliae

269 3635 357 3694 initio
367 3634 495 3714 praebet,
503 3631 715 3719 quantilladig·
796 3635 948 3704 meretrix(
958 3651 1069 3714 praeter
1080 3635 1170 3715 ipsius
1181 3636 1247 3718 opi·

269 3760 307 3800 na
336 3758 405 3803 erat.
433 3740 593 3824 ingreditur
620 3739 716 3800 autent
798 3743 918 3802 trionem
941 3742 1042 3823 bona)
1062 3764 1070 3802 ε
1094 3764 1187 3826 poeta
1205 3765 1247 3805 ta-

164 3876 166 3879 .
268 3865 286 3905 e
301 3844 394 3927 priori
409 3842 539 3906 sermone
554 3867 620 3927 apte
633 3839 735 3907 disse,
798 3841 864 3906 rnen
875 3870 928 3929 pet
945 3847 1038 3930 ipsum
1052 3849 1166 3929 profert
1183 3852 1248 3911 dic·

269 3972 337 4013 rens
351 3973 416 4015 curn
432 3954 560 4026 nutrice,
579 3949 715 4031 quamsc.
795 3971 876 4028 turn,
897 3951 1054 4037 'sapientiae
1075 3964 1103 4015 &
1124 3959 1247 4040 pietatis

268 4081 290 4132 4
305 4055 460 4117 arcessitum
471 4058 550 4117 ierat.
795 4057 926 4138 plenum.
947 4059 1182 4140 Quooninrirum
1194 4064 1246 4143 (ut

311 4163 504 4244 aQuodcurn
518 4165 619 4227 Plauto
633 4166 713 4227 dire·
794 4167 896 4251 vulgus
917 4171 1123 4250 meretricum)
1153 4169 1245 4241 Deo·-=

144 4319 147 4328 ,
269 4270 309 4331 ris
321 4277 431 4335 comice
444 4281 553 4360 magis,
567 4296 596 4338 ut
609 4275 709 4338 Pseud.
791 4299 855 4338 rum
865 4299 925 4338 non
937 4298 1097 4342 metuentes
1104 4284 1246 4354 ‚neeDii
1309 4338 1311 4341 ,
