2809 5234
1049 961 1770 1038 ADELPHI.
2279 987 2374 1058 ²7

445 1136 649 1228 Quae
705 1128 922 1203 libera
979 1124 1076 1198 est
1115 1145 1130 1175 ¹
1162 1151 1178 1195 ε
1222 1148 1382 1196 nam
1426 1146 1586 1220 ego*
1611 1119 1877 1194 liberali
1924 1119 2110 1195 illam
2152 1121 2374 1198 affero

822 1246 1020 1320 causa
1072 1272 1286 1319 manu
1322 1260 1372 1317 ².
2282 1268 2378 1318 20

441 1374 649 1444 Nunc
706 1368 870 1443 vide
919 1385 1158 1439 utrum
1213 1365 1317 1437 vis
1356 1415 1380 1453 ,
1443 1380 1803 1460 argentum
1858 1362 2170 1462 accipere
2198 1418 2222 1455 ‚
2288 1387 2377 1436 an

822 1489 1089 1563 causam
1129 1486 1447 1561 meditari
1488 1504 1704 1561 tuam.

443 1612 776 1686 Delibera
804 1615 985 1708 hoe,
1040 1613 1206 1688 dum
1237 1635 1371 1711 ego
1416 1609 1633 1683 redeo
1659 1665 1684 1703 ,
1729 1612 1894 1686 leno
1933 1629 1981 1684 ³.

794 1856 1120 1927 ACTUS
1208 1854 1331 1925 II.
1440 1857 1772 1927 SCENA
1855 1854 2030 1926 ΙΙΙ.

1078 2065 1123 2137 S
1174 2066 1238 2135 A
1287 2065 1356 2137 N
1408 2066 1472 2138 N
1525 2068 1555 2138 1
1609 2068 1702 2138 Ο.

813 2190 952 2360 Ρ
960 2280 1074 2354 Ro
1132 2277 1448 2378 supreme
1505 2279 1815 2377 Iuppiter
1868 2274 1948 2348 4!

523 2579 552 2617 1
597 2554 801 2636 Fingit
827 2554 974 2626 hoc,
994 2573 1055 2614 ut
1099 2556 1320 2618 iniiciat
1498 2582 1530 2618 2
1560 2605 1579 2634 ,
1604 2583 1639 2633 4

433 2655 637 2715 lenoni
701 2674 919 2713 metum
980 2655 1315 2719 calumniae.

437 2762 509 2822 Et
538 2760 701 2843 saepe
727 2758 1005 2820 acciderat
1032 2803 1051 2832 ,
1081 2779 1141 2819 ut
1178 2782 1322 2843 quae

438 2887 600 2929 natae
662 2861 839 2927 essent
885 2863 1141 2940 liberae,
1198 2887 1329 2926 cum

436 2972 774 3056 praesertim
814 2971 1065 3033 infantes
1106 2973 1325 3053 exponi

435 3081 618 3140 moris
649 3071 784 3138 effet
803 3124 819 3150 ‚
845 3098 938 3137 aut
969 3079 1324 3159 raptaeapi-

434 3188 573 3247 ratis
620 3184 803 3246 aliave
841 3183 1075 3256 fraude,
1104 3186 1166 3244 in
1202 3208 1325 3247 ma-

436 3310 546 3348 nus
587 3285 868 3346 lenonum
914 3288 1206 3364 venirent3
1248 3288 1319 3350 cf.

434 3392 618 3453 Plaut.
656 3391 837 3452 Poen.
871 3390 997 3464 IV,
1028 3415 1058 3451 2
1088 3438 1108 3467 ,
1134 3398 1208 3452 80
1236 3390 1321 3476 sq.

435 3499 578 3560 Rud.
623 3499 754 3572 111,
794 3524 866 3575 4,
900 3521 973 3580 30
996 3498 1123 3583 sqq.
1164 3497 1317 3560 Pers.

440 3606 536 3670 IV
556 3654 573 3681 ,
597 3630 671 3682 9,
706 3629 794 3669 η.

519 3737 549 3772 2
585 3716 726 3772 Sunt
750 3715 881 3773 iuris
896 3716 1054 3774 verba
1081 3716 1110 3790 (
1131 3715 1326 3798 inquit·

426 3819 600 3878 Don.
626 3820 653 3891 )
703 3840 739 3873 a
770 3818 955 3895 quibus
976 3821 1132 3878 etiam
1158 3814 1326 3878 affer-

438 3943 593 3985 tores
618 3923 863 3982 dicuntur
876 3924 1114 4000 vindices
1127 3925 1327 3982 alienae

430 4027 703 4092 libertatis.
730 4030 882 4088 Nam
918 4029 973 4088 δ’
1010 4025 1171 4087 musa
1208 4028 1321 4107 ipsit

428 4131 688 4200 liberalis
722 4135 951 4205 dicitur,
984 4156 1117 4214 quae
1163 4135 1326 4193 ablio-

431 4263 547 4302 aem
574 4241 631 4298 in
655 4239 718 4319 fi
744 4236 1037 4296 continebat
1055 4234 1322 4298 libertatis.

433 4345 550 4404 vid.
576 4346 688 4403 titt.
713 4343 792 4406 D.
816 4349 871 4403 δε
897 4341 1045 4407 Cod.
1072 4340 1141 4401 de
1164 4338 1325 4404 musa

437 4447 679 4512 liberali.
701 4447 775 4518 cf,
798 4446 982 4512 Plaut.
1007 4446 1189 4521 Poen.
1225 4447 1287 4513 V
1302 4494 1323 4524 ,

1570 2685 1596 2739 3
1636 2662 1708 2722 Et
1743 2662 1816 2723 fic
1848 2660 2086 2747 superbe
2113 2665 2240 2730 satis
2261 2666 2381 2730 abi·

1489 2785 1550 2823 re
1585 2766 1851 2843 videtur3
1909 2774 2007 2854 qui
2066 2774 2134 2833 de
2183 2774 2379 2837 absol-

1494 2869 1683 2928 vendo
1721 2869 1936 2930 lenone
1977 2881 2095 2933 n'on
2138 2880 2330 2937 minus
2356 2923 2375 2953 ,

1491 2993 1664 3054 quam
1710 2970 1813 3033 ille
1865 2975 1933 3034 de
1976 2998 2216 3059 argento
2275 2979 2378 3040 ha-

1493 3077 1684 3137 bendo
1711 3125 1729 3154 ‚
1773 3077 2083 3154 sollicitus,
2139 3084 2378 3143 domum

1489 3188 1703 3260 intrat,
1755 3205 1879 3247 rem
1935 3207 2170 3246 omnem
2225 3191 2378 3269 patri

1488 3290 1741 3351 Micioni
1799 3290 2230 3350 denuntiaturus
2257 3335 2274 3363 ‚
2317 3310 2380 3353 ut

1488 3394 1611 3453 eius
1673 3391 2012 3455 liberalitate
2077 3408 2379 3475 argentum

1482 3499 1732 3582 accipiat
1771 3497 1977 3559 lenoni
2015 3493 2383 3558 solvendm'

1573 3634 1611 3685 4
1651 3608 1738 3670 Ex
1778 3626 1865 3668 tot
1909 3602 2190 3691 tantisque
2220 3607 2380 3668 iniu-

1488 3715 1630 3786 riis,
1669 3735 1794 3772 non
1844 3712 1914 3771 de
1963 3709 2196 3795 psaltria
2248 3733 2377 3773 am-

1489 3805 1646 3899 plius
1667 3862 1682 3890 ,
1711 3816 1999 3878 insaniens
2031 3819 2183 3903 quafi
2220 3817 2373 3878 San-

1492 3927 1593 3983 nio
1628 3944 1756 3984 cum
1778 3924 1966 3986 futore
1984 3922 2024 3986 ί
2053 3927 2264 4009 tragice
2280 3945 2375 3984 ex-

1486 4028 1710 4092 clamat.
1740 4027 1887 4091 Mox
1909 4033 2210 4102 revocatis,
2233 4046 2375 4110 quas

1495 4129 1682 4217 paffus
1707 4158 1846 4213 erat,
1869 4139 2123 4209 iniuriis,
2146 4133 2379 4198 tandem

1491 4239 1563 4299 ad
1600 4235 1655 4299 se
1701 4241 1883 4314 redit,
1921 4238 2238 4323 meliusque
2282 4237 2380 4303 ha-

1491 4341 1618 4417 bet,
1658 4342 1728 4403 ab
1760 4341 2054 4404 Aeschino
2079 4389 2098 4419 ,
2122 4343 2262 4407 alias
2284 4345 2376 4408 be-

1490 4469 1566 4511 ne
1589 4450 1910 4534 promerito
1927 4494 1952 4526 ‚
1971 4469 2273 4538 argentum
2285 4474 2377 4532 ω·
