<?xml version="1.0" encoding="UTF-8"?>
<!DOCTYPE html PUBLIC "-//W3C//DTD XHTML 1.0 Transitional//EN"
    "http://www.w3.org/TR/xhtml1/DTD/xhtml1-transitional.dtd">
<html xmlns="http://www.w3.org/1999/xhtml" xml:lang="en" lang="en">
 <head>
  <title>
</title>
<meta http-equiv="Content-Type" content="text/html;charset=utf-8" />
  <meta name='ocr-system' content='tesseract 3.04.00' />
  <meta name='ocr-capabilities' content='ocr_page ocr_carea ocr_par ocr_line ocrx_word'/>
</head>
<body>
  <div class='ocr_page' id='page_1' title='image "./publiiterentiia00teregoog_0614.png"; bbox 0 0 2809 5234; ppageno 0'>
   <div class='ocr_carea' id='block_1_1' title="bbox 222 520 227 547">
    <p class='ocr_par' dir='ltr' id='par_1_1' title="bbox 222 520 227 547">
     <span class='ocr_line' id='line_1_1' title="bbox 222 520 226 529; baseline 0 0"><span class='ocrx_word' id='word_1_1' title='bbox 222 520 226 529; x_wconf 87' lang='grc' dir='ltr'><em>ι</em></span> 
     </span>
     <span class='ocr_line' id='line_1_2' title="bbox 224 534 227 547; baseline 0 0"><span class='ocrx_word' id='word_1_2' title='bbox 224 534 227 547; x_wconf 89' lang='grc' dir='ltr'>Ι</span> 
     </span>
    </p>
   </div>
   <div class='ocr_carea' id='block_1_2' title="bbox 271 776 1128 887">
    <p class='ocr_par' dir='ltr' id='par_1_2' title="bbox 271 776 1128 887">
     <span class='ocr_line' id='line_1_3' title="bbox 271 776 1128 887; baseline -0.013 -26"><span class='ocrx_word' id='word_1_3' title='bbox 271 783 344 887; x_wconf 80' lang='lat'><em>258</em></span> <span class='ocrx_word' id='word_1_4' title='bbox 503 776 1022 852; x_wconf 64' lang='lat' dir='ltr'><em>strumum</em></span> <span class='ocrx_word' id='word_1_5' title='bbox 1125 823 1128 829; x_wconf 76' lang='lat'>·</span> 
     </span>
    </p>
   </div>
   <div class='ocr_carea' id='block_1_3' title="bbox 198 939 1246 2036">
    <p class='ocr_par' dir='ltr' id='par_1_3' title="bbox 198 939 1246 2036">
     <span class='ocr_line' id='line_1_4' title="bbox 270 939 1246 1044; baseline 0.005 -31"><span class='ocrx_word' id='word_1_6' title='bbox 270 970 428 1044; x_wconf 72' lang='lat' dir='ltr'><em>quamque</em></span> <span class='ocrx_word' id='word_1_7' title='bbox 431 942 525 1036; x_wconf 84' lang='lat' dir='ltr'><em>prius</em></span> <span class='ocrx_word' id='word_1_8' title='bbox 527 939 699 1032; x_wconf 87' lang='lat' dir='ltr'><em>spernebat</em></span> <span class='ocrx_word' id='word_1_9' title='bbox 710 967 865 1029; x_wconf 86' lang='lat' dir='ltr'><em>uxorem,</em></span> <span class='ocrx_word' id='word_1_10' title='bbox 886 943 954 1012; x_wconf 85' lang='lat' dir='ltr'><em>eius</em></span> <span class='ocrx_word' id='word_1_11' title='bbox 963 942 1132 1034; x_wconf 84' lang='lat' dir='ltr'><em>mirificum</em></span> <span class='ocrx_word' id='word_1_12' title='bbox 1144 974 1246 1040; x_wconf 87' lang='lat' dir='ltr'><em>quen·</em></span> 
     </span>
     <span class='ocr_line' id='line_1_5' title="bbox 268 1066 1244 1159; baseline 0.001 -16"><span class='ocrx_word' id='word_1_13' title='bbox 268 1077 344 1143; x_wconf 86' lang='lat' dir='ltr'><em>darn</em></span> <span class='ocrx_word' id='word_1_14' title='bbox 359 1091 495 1139; x_wconf 85' lang='lat' dir='ltr'><em>amorem</em></span> <span class='ocrx_word' id='word_1_15' title='bbox 509 1066 619 1133; x_wconf 87' lang='lat' dir='ltr'><em>animo</em></span> <span class='ocrx_word' id='word_1_16' title='bbox 631 1068 817 1158; x_wconf 81' lang='lat' dir='ltr'><em>conceperit.</em></span> <span class='ocrx_word' id='word_1_17' title='bbox 832 1069 950 1135; x_wconf 89' lang='lat' dir='ltr'><em>interea</em></span> <span class='ocrx_word' id='word_1_18' title='bbox 972 1070 1128 1159; x_wconf 84' lang='lat' dir='ltr'><em>quiddam</em></span> <span class='ocrx_word' id='word_1_19' title='bbox 1150 1077 1244 1145; x_wconf 92' lang='lat' dir='ltr'><em>acci·</em></span> 
     </span>
     <span class='ocr_line' id='line_1_6' title="bbox 266 1186 1244 1292; baseline 0.001 -25"><span class='ocrx_word' id='word_1_20' title='bbox 266 1200 338 1284; x_wconf 86' lang='lat' dir='ltr'><em>dit,</em></span> <span class='ocrx_word' id='word_1_21' title='bbox 358 1217 395 1264; x_wconf 90' lang='lat' dir='ltr'><em>ut</em></span> <span class='ocrx_word' id='word_1_22' title='bbox 415 1196 485 1261; x_wconf 89' lang='lat' dir='ltr'><em>iter·</em></span> <span class='ocrx_word' id='word_1_23' title='bbox 499 1194 666 1284; x_wconf 78' lang='lat' dir='ltr'><em>Pamphilo</em></span> <span class='ocrx_word' id='word_1_24' title='bbox 691 1195 726 1258; x_wconf 90' lang='lat' dir='ltr'><em>in</em></span> <span class='ocrx_word' id='word_1_25' title='bbox 750 1191 892 1258; x_wconf 86' lang='lat' dir='ltr'><em>Imbrum</em></span> <span class='ocrx_word' id='word_1_26' title='bbox 909 1186 991 1287; x_wconf 77' lang='lat' dir='ltr'><em>effes.</em></span> <span class='ocrx_word' id='word_1_27' title='bbox 1011 1193 1152 1285; x_wconf 73' lang='lat' dir='ltr'><em>proseHo</em></span> <span class='ocrx_word' id='word_1_28' title='bbox 1176 1226 1244 1292; x_wconf 90' lang='lat' dir='ltr'><em>eo,</em></span> 
     </span>
     <span class='ocr_line' id='line_1_7' title="bbox 198 1311 1243 1410; baseline -0.001 -17"><span class='ocrx_word' id='word_1_29' title='bbox 198 1398 210 1407; x_wconf 18' lang='lat'><em>,⁸</em></span> <span class='ocrx_word' id='word_1_30' title='bbox 266 1323 484 1406; x_wconf 86' lang='lat' dir='ltr'><em>Philumena,</em></span> <span class='ocrx_word' id='word_1_31' title='bbox 499 1344 580 1410; x_wconf 84' lang='lat' dir='ltr'><em>quae</em></span> <span class='ocrx_word' id='word_1_32' title='bbox 590 1313 791 1407; x_wconf 84' lang='lat' dir='ltr'><em>intumescere</em></span> <span class='ocrx_word' id='word_1_33' title='bbox 794 1311 861 1409; x_wconf 80' lang='lat' dir='ltr'><em>fibi</em></span> <span class='ocrx_word' id='word_1_34' title='bbox 872 1336 994 1384; x_wconf 89' lang='lat' dir='ltr'><em>uterum</em></span> <span class='ocrx_word' id='word_1_35' title='bbox 997 1315 1132 1407; x_wconf 83' lang='lat' dir='ltr'><em>sentiret</em></span> <span class='ocrx_word' id='word_1_36' title='bbox 1140 1371 1153 1407; x_wconf 88' lang='lat'><em>,</em></span> <span class='ocrx_word' id='word_1_37' title='bbox 1167 1347 1243 1392; x_wconf 90' lang='lat' dir='ltr'><em>cum</em></span> 
     </span>
     <span class='ocr_line' id='line_1_8' title="bbox 266 1434 1243 1537; baseline -0.004 -25"><span class='ocrx_word' id='word_1_38' title='bbox 266 1447 403 1516; x_wconf 84' lang='lat' dir='ltr'><em>aliorum</em></span> <span class='ocrx_word' id='word_1_39' title='bbox 412 1493 426 1528; x_wconf 93' lang='lat'><em>,</em></span> <span class='ocrx_word' id='word_1_40' title='bbox 444 1462 512 1508; x_wconf 91' lang='lat' dir='ltr'><em>tum</em></span> <span class='ocrx_word' id='word_1_41' title='bbox 519 1438 634 1530; x_wconf 80' lang='lat' dir='ltr'><em>fhcrus</em></span> <span class='ocrx_word' id='word_1_42' title='bbox 643 1437 793 1528; x_wconf 86' lang='lat' dir='ltr'><em>inprimis</em></span> <span class='ocrx_word' id='word_1_43' title='bbox 794 1434 878 1526; x_wconf 85' lang='lat' dir='ltr'><em>fieae</em></span> <span class='ocrx_word' id='word_1_44' title='bbox 886 1435 1081 1528; x_wconf 78' lang='lat' dir='ltr'><em>tonsptfium</em></span> <span class='ocrx_word' id='word_1_45' title='bbox 1098 1437 1243 1537; x_wconf 81' lang='lat' dir='ltr'><em>refugie-</em></span> 
     </span>
     <span class='ocr_line' id='line_1_9' title="bbox 266 1557 1243 1661; baseline -0.001 -25"><span class='ocrx_word' id='word_1_46' title='bbox 266 1570 345 1638; x_wconf 83' lang='lat' dir='ltr'><em>bat:</em></span> <span class='ocrx_word' id='word_1_47' title='bbox 355 1566 485 1633; x_wconf 85' lang='lat' dir='ltr'><em>taudem</em></span> <span class='ocrx_word' id='word_1_48' title='bbox 499 1589 570 1631; x_wconf 88' lang='lat' dir='ltr'><em>curn</em></span> <span class='ocrx_word' id='word_1_49' title='bbox 582 1565 618 1631; x_wconf 88' lang='lat' dir='ltr'><em>in</em></span> <span class='ocrx_word' id='word_1_50' title='bbox 628 1588 663 1631; x_wconf 91' lang='lat' dir='ltr'><em>eo</em></span> <span class='ocrx_word' id='word_1_51' title='bbox 674 1557 763 1658; x_wconf 79' lang='lat' dir='ltr'><em>effet,</em></span> <span class='ocrx_word' id='word_1_52' title='bbox 774 1584 812 1630; x_wconf 91' lang='lat' dir='ltr'><em>ut</em></span> <span class='ocrx_word' id='word_1_53' title='bbox 820 1567 918 1630; x_wconf 89' lang='lat' dir='ltr'><em>celare</em></span> <span class='ocrx_word' id='word_1_54' title='bbox 930 1565 990 1632; x_wconf 82' lang='lat' dir='ltr'><em>uix</em></span> <span class='ocrx_word' id='word_1_55' title='bbox 998 1560 1085 1661; x_wconf 76' lang='lat' dir='ltr'><em>pose</em></span> <span class='ocrx_word' id='word_1_56' title='bbox 1097 1568 1243 1656; x_wconf 87' lang='lat' dir='ltr'><em>amplius</em></span> 
     </span>
     <span class='ocr_line' id='line_1_10' title="bbox 265 1685 1243 1783; baseline -0.003 -24"><span class='ocrx_word' id='word_1_57' title='bbox 265 1687 584 1779; x_wconf 73' lang='lat' dir='ltr'><em>uideretur,fitmpta</em></span> <span class='ocrx_word' id='word_1_58' title='bbox 600 1685 784 1783; x_wconf 83' lang='lat' dir='ltr'><em>octafione,</em></span> <span class='ocrx_word' id='word_1_59' title='bbox 800 1713 857 1779; x_wconf 91' lang='lat' dir='ltr'><em>per</em></span> <span class='ocrx_word' id='word_1_60' title='bbox 861 1686 1071 1777; x_wconf 84' lang='lat' dir='ltr'><em>sacrificandi</em></span> <span class='ocrx_word' id='word_1_61' title='bbox 1078 1687 1243 1780; x_wconf 88' lang='lat' dir='ltr'><em>speciem,</em></span> 
     </span>
     <span class='ocr_line' id='line_1_11' title="bbox 266 1811 1242 1906; baseline -0.003 -21"><span class='ocrx_word' id='word_1_62' title='bbox 266 1815 315 1885; x_wconf 84' lang='lat' dir='ltr'><em>ad</em></span> <span class='ocrx_word' id='word_1_63' title='bbox 331 1811 526 1904; x_wconf 72' lang='lat' dir='ltr'><em>murense,</em></span> <span class='ocrx_word' id='word_1_64' title='bbox 546 1838 647 1882; x_wconf 87' lang='lat' dir='ltr'><em>urtam</em></span> <span class='ocrx_word' id='word_1_65' title='bbox 665 1817 811 1899; x_wconf 81' lang='lat' dir='ltr'><em>omnium</em></span> <span class='ocrx_word' id='word_1_66' title='bbox 832 1835 934 1880; x_wconf 88' lang='lat' dir='ltr'><em>rerum</em></span> <span class='ocrx_word' id='word_1_67' title='bbox 958 1814 1138 1906; x_wconf 84' lang='lat' dir='ltr'><em>consciam,</em></span> <span class='ocrx_word' id='word_1_68' title='bbox 1160 1840 1242 1883; x_wconf 88' lang='lat' dir='ltr'><em>con·</em></span> 
     </span>
     <span class='ocr_line' id='line_1_12' title="bbox 260 1933 1244 2036; baseline 0.001 -30"><span class='ocrx_word' id='word_1_69' title='bbox 260 1933 337 2027; x_wconf 85' lang='lat' dir='ltr'><em>fert.</em></span> <span class='ocrx_word' id='word_1_70' title='bbox 357 1935 432 2036; x_wconf 82' lang='lat' dir='ltr'><em>post</em></span> <span class='ocrx_word' id='word_1_71' title='bbox 454 1937 522 2004; x_wconf 84' lang='lat' dir='ltr'><em>dies</em></span> <span class='ocrx_word' id='word_1_72' title='bbox 537 1934 767 2028; x_wconf 84' lang='lat' dir='ltr'><em>complusculos</em></span> <span class='ocrx_word' id='word_1_73' title='bbox 787 1934 888 2003; x_wconf 85' lang='lat' dir='ltr'><em>mittit</em></span> <span class='ocrx_word' id='word_1_74' title='bbox 906 1935 1075 2033; x_wconf 82' lang='lat' dir='ltr'><em>Sostrata,</em></span> <span class='ocrx_word' id='word_1_75' title='bbox 1093 1939 1150 2028; x_wconf 80' lang='lat' dir='ltr'><em>qui</em></span> <span class='ocrx_word' id='word_1_76' title='bbox 1171 1965 1244 2007; x_wconf 91' lang='lat' dir='ltr'><em>earn</em></span> 
     </span>
    </p>
   </div>
   <div class='ocr_carea' id='block_1_4' title="bbox 266 2051 1248 2269">
    <p class='ocr_par' dir='ltr' id='par_1_4' title="bbox 266 2051 1248 2269">
     <span class='ocr_line' id='line_1_13' title="bbox 266 2051 1246 2156; baseline -0.006 -25"><span class='ocrx_word' id='word_1_77' title='bbox 266 2053 457 2156; x_wconf 81' lang='lat' dir='ltr'><em>arcefferent.</em></span> <span class='ocrx_word' id='word_1_78' title='bbox 472 2057 696 2150; x_wconf 86' lang='lat' dir='ltr'><em>respondetur,</em></span> <span class='ocrx_word' id='word_1_79' title='bbox 711 2080 871 2150; x_wconf 79' lang='lat' dir='ltr'><em>aegrotam</em></span> <span class='ocrx_word' id='word_1_80' title='bbox 884 2051 953 2151; x_wconf 77' lang='lat' dir='ltr'><em>effe.</em></span> <span class='ocrx_word' id='word_1_81' title='bbox 971 2058 998 2122; x_wconf 89' lang='lat' dir='ltr'><em>it</em></span> <span class='ocrx_word' id='word_1_82' title='bbox 1006 2110 1019 2142; x_wconf 95' lang='lat'><em>,</em></span> <span class='ocrx_word' id='word_1_83' title='bbox 1038 2080 1075 2123; x_wconf 90' lang='lat' dir='ltr'><em>ut</em></span> <span class='ocrx_word' id='word_1_84' title='bbox 1091 2061 1246 2145; x_wconf 85' lang='lat' dir='ltr'><em>eamsal-</em></span> 
     </span>
     <span class='ocr_line' id='line_1_14' title="bbox 267 2173 1248 2269; baseline -0.007 -18"><span class='ocrx_word' id='word_1_85' title='bbox 267 2182 325 2251; x_wconf 88' lang='lat' dir='ltr'><em>tim</em></span> <span class='ocrx_word' id='word_1_86' title='bbox 352 2177 473 2269; x_wconf 76' lang='lat' dir='ltr'><em>uiseret.</em></span> <span class='ocrx_word' id='word_1_87' title='bbox 507 2202 576 2244; x_wconf 92' lang='lat' dir='ltr'><em>non</em></span> <span class='ocrx_word' id='word_1_88' title='bbox 600 2178 793 2245; x_wconf 84' lang='lat' dir='ltr'><em>admittitur.</em></span> <span class='ocrx_word' id='word_1_89' title='bbox 828 2175 948 2243; x_wconf 79' lang='lat' dir='ltr'><em>Laches</em></span> <span class='ocrx_word' id='word_1_90' title='bbox 976 2173 1120 2264; x_wconf 87' lang='lat' dir='ltr'><em>accusare</em></span> <span class='ocrx_word' id='word_1_91' title='bbox 1150 2204 1248 2245; x_wconf 83' lang='lat' dir='ltr'><em>uxo-</em></span> 
     </span>
    </p>
   </div>
   <div class='ocr_carea' id='block_1_5' title="bbox 267 2299 1247 2395">
    <p class='ocr_par' dir='ltr' id='par_1_5' title="bbox 267 2299 1247 2395">
     <span class='ocr_line' id='line_1_15' title="bbox 267 2299 1247 2395; baseline -0.003 -19"><span class='ocrx_word' id='word_1_92' title='bbox 267 2330 358 2393; x_wconf 89' lang='lat' dir='ltr'><em>rem,</em></span> <span class='ocrx_word' id='word_1_93' title='bbox 380 2323 410 2372; x_wconf 92' lang='lat' dir='ltr'><em>et</em></span> <span class='ocrx_word' id='word_1_94' title='bbox 426 2302 525 2369; x_wconf 84' lang='lat' dir='ltr'><em>dicere</em></span> <span class='ocrx_word' id='word_1_95' title='bbox 535 2352 549 2387; x_wconf 92' lang='lat'><em>,</em></span> <span class='ocrx_word' id='word_1_96' title='bbox 577 2301 653 2368; x_wconf 89' lang='lat' dir='ltr'><em>haec</em></span> <span class='ocrx_word' id='word_1_97' title='bbox 676 2299 787 2375; x_wconf 80' lang='lat' dir='ltr'><em>omnia</em></span> <span class='ocrx_word' id='word_1_98' title='bbox 808 2299 899 2367; x_wconf 86' lang='lat' dir='ltr'><em>illius</em></span> <span class='ocrx_word' id='word_1_99' title='bbox 922 2303 1017 2390; x_wconf 87' lang='lat' dir='ltr'><em>culpa</em></span> <span class='ocrx_word' id='word_1_100' title='bbox 1045 2301 1247 2395; x_wconf 79' lang='lat' dir='ltr'><em>contingere.</em></span> 
     </span>
    </p>
   </div>
   <div class='ocr_carea' id='block_1_6' title="bbox 259 2421 1245 2649">
    <p class='ocr_par' dir='ltr' id='par_1_6' title="bbox 259 2421 1245 2649">
     <span class='ocr_line' id='line_1_16' title="bbox 267 2421 1245 2515; baseline -0.008 -14"><span class='ocrx_word' id='word_1_101' title='bbox 267 2433 329 2501; x_wconf 85' lang='lat' dir='ltr'><em>illa</em></span> <span class='ocrx_word' id='word_1_102' title='bbox 349 2448 459 2498; x_wconf 88' lang='lat' dir='ltr'><em>contra</em></span> <span class='ocrx_word' id='word_1_103' title='bbox 482 2421 631 2514; x_wconf 73' lang='lat' dir='ltr'><em>excusare</em></span> <span class='ocrx_word' id='word_1_104' title='bbox 637 2421 700 2513; x_wconf 89' lang='lat' dir='ltr'><em>st,</em></span> <span class='ocrx_word' id='word_1_105' title='bbox 719 2443 748 2491; x_wconf 90' lang='lat' dir='ltr'><em>et</em></span> <span class='ocrx_word' id='word_1_106' title='bbox 768 2427 898 2515; x_wconf 86' lang='lat' dir='ltr'><em>culpam</em></span> <span class='ocrx_word' id='word_1_107' title='bbox 914 2423 1098 2514; x_wconf 88' lang='lat' dir='ltr'><em>deprecari:</em></span> <span class='ocrx_word' id='word_1_108' title='bbox 1113 2426 1245 2493; x_wconf 85' lang='lat' dir='ltr'><em>nullius</em></span> 
     </span>
     <span class='ocr_line' id='line_1_17' title="bbox 259 2539 1245 2649; baseline -0.007 -29"><span class='ocrx_word' id='word_1_109' title='bbox 259 2552 355 2646; x_wconf 84' lang='lat' dir='ltr'><em>serti</em></span> <span class='ocrx_word' id='word_1_110' title='bbox 369 2544 527 2638; x_wconf 82' lang='lat' dir='ltr'><em>consciam</em></span> <span class='ocrx_word' id='word_1_111' title='bbox 545 2539 623 2642; x_wconf 64' lang='lat' dir='ltr'><em>ff,</em></span> <span class='ocrx_word' id='word_1_112' title='bbox 643 2571 699 2614; x_wconf 91' lang='lat' dir='ltr'><em>cur</em></span> <span class='ocrx_word' id='word_1_113' title='bbox 707 2545 775 2637; x_wconf 93' lang='lat' dir='ltr'><em>sua</em></span> <span class='ocrx_word' id='word_1_114' title='bbox 790 2543 982 2649; x_wconf 62' lang='lat' dir='ltr'><em>confisetudo</em></span> <span class='ocrx_word' id='word_1_115' title='bbox 1003 2547 1100 2613; x_wconf 88' lang='lat' dir='ltr'><em>nunti</em></span> <span class='ocrx_word' id='word_1_116' title='bbox 1127 2548 1245 2637; x_wconf 79' lang='lat' dir='ltr'><em>odiofic</em></span> 
     </span>
    </p>
   </div>
   <div class='ocr_carea' id='block_1_7' title="bbox 217 2668 1247 3130">
    <p class='ocr_par' dir='ltr' id='par_1_7' title="bbox 217 2668 1247 3130">
     <span class='ocr_line' id='line_1_18' title="bbox 269 2668 1246 2771; baseline -0.002 -31"><span class='ocrx_word' id='word_1_117' title='bbox 269 2668 325 2771; x_wconf 81' lang='lat' dir='ltr'><em>effe</em></span> <span class='ocrx_word' id='word_1_118' title='bbox 350 2671 470 2741; x_wconf 84' lang='lat' dir='ltr'><em>dehent.</em></span> <span class='ocrx_word' id='word_1_119' title='bbox 494 2671 614 2739; x_wconf 85' lang='lat' dir='ltr'><em>interea</em></span> <span class='ocrx_word' id='word_1_120' title='bbox 638 2670 731 2738; x_wconf 88' lang='lat' dir='ltr'><em>rediit</em></span> <span class='ocrx_word' id='word_1_121' title='bbox 752 2669 966 2760; x_wconf 80' lang='lat' dir='ltr'><em>Pamphilus,</em></span> <span class='ocrx_word' id='word_1_122' title='bbox 980 2691 1076 2760; x_wconf 85' lang='lat' dir='ltr'><em>atque</em></span> <span class='ocrx_word' id='word_1_123' title='bbox 1102 2670 1149 2736; x_wconf 89' lang='lat' dir='ltr'><em>ita</em></span> <span class='ocrx_word' id='word_1_124' title='bbox 1165 2670 1246 2760; x_wconf 90' lang='lat' dir='ltr'><em>sors</em></span> 
     </span>
     <span class='ocr_line' id='line_1_19' title="bbox 268 2790 1247 2885; baseline -0.001 -21"><span class='ocrx_word' id='word_1_125' title='bbox 268 2796 364 2878; x_wconf 87' lang='lat' dir='ltr'><em>tulit,</em></span> <span class='ocrx_word' id='word_1_126' title='bbox 380 2814 417 2859; x_wconf 89' lang='lat' dir='ltr'><em>ut</em></span> <span class='ocrx_word' id='word_1_127' title='bbox 430 2818 494 2884; x_wconf 88' lang='lat' dir='ltr'><em>quo</em></span> <span class='ocrx_word' id='word_1_128' title='bbox 510 2794 561 2862; x_wconf 91' lang='lat' dir='ltr'><em>die</em></span> <span class='ocrx_word' id='word_1_129' title='bbox 581 2790 646 2885; x_wconf 87' lang='lat' dir='ltr'><em>ipsc</em></span> <span class='ocrx_word' id='word_1_130' title='bbox 666 2793 818 2862; x_wconf 85' lang='lat' dir='ltr'><em>Athenas</em></span> <span class='ocrx_word' id='word_1_131' title='bbox 835 2795 984 2884; x_wconf 89' lang='lat' dir='ltr'><em>appulit,</em></span> <span class='ocrx_word' id='word_1_132' title='bbox 1001 2818 1036 2861; x_wconf 89' lang='lat' dir='ltr'><em>eo</em></span> <span class='ocrx_word' id='word_1_133' title='bbox 1051 2793 1138 2885; x_wconf 89' lang='lat' dir='ltr'><em>ipso,</em></span> <span class='ocrx_word' id='word_1_134' title='bbox 1159 2797 1247 2863; x_wconf 80' lang='lat' dir='ltr'><em>Phi-</em></span> 
     </span>
     <span class='ocr_line' id='line_1_20' title="bbox 217 2921 1245 3015; baseline 0.004 -27"><span class='ocrx_word' id='word_1_135' title='bbox 217 2941 229 2968; x_wconf 69' lang='lat'>⁸</span> <span class='ocrx_word' id='word_1_136' title='bbox 269 2923 399 2988; x_wconf 78' lang='lat' dir='ltr'><em>lumerto</em></span> <span class='ocrx_word' id='word_1_137' title='bbox 412 2943 512 3009; x_wconf 90' lang='lat' dir='ltr'><em>partu</em></span> <span class='ocrx_word' id='word_1_138' title='bbox 531 2921 696 2990; x_wconf 80' lang='lat' dir='ltr'><em>leuaretur.</em></span> <span class='ocrx_word' id='word_1_139' title='bbox 722 2945 793 2989; x_wconf 92' lang='lat' dir='ltr'><em>curn</em></span> <span class='ocrx_word' id='word_1_140' title='bbox 815 2922 938 3015; x_wconf 79' lang='lat' dir='ltr'><em>igitur,</em></span> <span class='ocrx_word' id='word_1_141' title='bbox 959 2923 1092 2990; x_wconf 82' lang='lat' dir='ltr'><em>uidendi</em></span> <span class='ocrx_word' id='word_1_142' title='bbox 1104 2923 1245 3012; x_wconf 89' lang='lat' dir='ltr'><em>cupidus</em></span> 
     </span>
     <span class='ocr_line' id='line_1_21' title="bbox 268 3033 1247 3130; baseline 0.002 -26"><span class='ocrx_word' id='word_1_143' title='bbox 268 3033 454 3130; x_wconf 76' lang='lat' dir='ltr'><em>(aegrotare</em></span> <span class='ocrx_word' id='word_1_144' title='bbox 468 3039 552 3106; x_wconf 92' lang='lat' dir='ltr'><em>trtim</em></span> <span class='ocrx_word' id='word_1_145' title='bbox 566 3059 747 3130; x_wconf 87' lang='lat' dir='ltr'><em>acceperat,</em></span> <span class='ocrx_word' id='word_1_146' title='bbox 764 3060 794 3107; x_wconf 89' lang='lat' dir='ltr'><em>et</em></span> <span class='ocrx_word' id='word_1_147' title='bbox 814 3041 862 3107; x_wconf 90' lang='lat' dir='ltr'><em>ita</em></span> <span class='ocrx_word' id='word_1_148' title='bbox 884 3040 1040 3122; x_wconf 87' lang='lat' dir='ltr'><em>amabat,</em></span> <span class='ocrx_word' id='word_1_149' title='bbox 1061 3039 1172 3126; x_wconf 85' lang='lat' dir='ltr'><em>utqui</em></span> <span class='ocrx_word' id='word_1_150' title='bbox 1189 3064 1247 3106; x_wconf 83' lang='lat' dir='ltr'><em>vc-</em></span> 
     </span>
    </p>
   </div>
   <div class='ocr_carea' id='block_1_8' title="bbox 174 3155 1252 3875">
    <p class='ocr_par' dir='ltr' id='par_1_8' title="bbox 174 3155 1252 3875">
     <span class='ocr_line' id='line_1_22' title="bbox 269 3155 1247 3258; baseline 0.003 -33"><span class='ocrx_word' id='word_1_151' title='bbox 269 3155 492 3255; x_wconf 84' lang='lat' dir='ltr'><em>hemcntiffime</em></span> <span class='ocrx_word' id='word_1_152' title='bbox 506 3155 538 3255; x_wconf 93' lang='lat'><em>),</em></span> <span class='ocrx_word' id='word_1_153' title='bbox 551 3160 661 3251; x_wconf 78' lang='lat' dir='ltr'><em>fichico</em></span> <span class='ocrx_word' id='word_1_154' title='bbox 677 3162 803 3228; x_wconf 89' lang='lat' dir='ltr'><em>adeam</em></span> <span class='ocrx_word' id='word_1_155' title='bbox 824 3156 977 3258; x_wconf 72' lang='lat' dir='ltr'><em>ingresus</em></span> <span class='ocrx_word' id='word_1_156' title='bbox 995 3157 1088 3257; x_wconf 62' lang='lat' dir='ltr'><em>stet,</em></span> <span class='ocrx_word' id='word_1_157' title='bbox 1104 3161 1247 3253; x_wconf 86' lang='lat' dir='ltr'><em>peperis-</em></span> 
     </span>
     <span class='ocr_line' id='line_1_23' title="bbox 174 3278 1247 3376; baseline 0.002 -27"><span class='ocrx_word' id='word_1_158' title='bbox 174 3325 177 3341; x_wconf 85' lang='lat'>·</span> <span class='ocrx_word' id='word_1_159' title='bbox 262 3278 302 3373; x_wconf 80' lang='lat' dir='ltr'><em>fi</em></span> <span class='ocrx_word' id='word_1_160' title='bbox 316 3282 528 3374; x_wconf 84' lang='lat' dir='ltr'><em>deprehendit.</em></span> <span class='ocrx_word' id='word_1_161' title='bbox 539 3282 585 3349; x_wconf 85' lang='lat' dir='ltr'><em>ihi</em></span> <span class='ocrx_word' id='word_1_162' title='bbox 599 3308 669 3351; x_wconf 89' lang='lat' dir='ltr'><em>tum</em></span> <span class='ocrx_word' id='word_1_163' title='bbox 685 3284 862 3375; x_wconf 84' lang='lat' dir='ltr'><em>Myrrhina</em></span> <span class='ocrx_word' id='word_1_164' title='bbox 871 3307 1035 3352; x_wconf 84' lang='lat' dir='ltr'><em>exeuntem</em></span> <span class='ocrx_word' id='word_1_165' title='bbox 1050 3283 1247 3376; x_wconf 72' lang='lat' dir='ltr'><em>prosecuta,</em></span> 
     </span>
     <span class='ocr_line' id='line_1_24' title="bbox 272 3406 1252 3509; baseline 0 -35"><span class='ocrx_word' id='word_1_166' title='bbox 272 3408 479 3494; x_wconf 86' lang='lat' dir='ltr'><em>lacnctnans‚</em></span> <span class='ocrx_word' id='word_1_167' title='bbox 494 3407 639 3509; x_wconf 74' lang='lat' dir='ltr'><em>obtestari</em></span> <span class='ocrx_word' id='word_1_168' title='bbox 660 3409 786 3499; x_wconf 86' lang='lat' dir='ltr'><em>coepit,</em></span> <span class='ocrx_word' id='word_1_169' title='bbox 808 3409 937 3499; x_wconf 88' lang='lat' dir='ltr'><em>quando</em></span> <span class='ocrx_word' id='word_1_170' title='bbox 958 3433 995 3475; x_wconf 90' lang='lat' dir='ltr'><em>ea</em></span> <span class='ocrx_word' id='word_1_171' title='bbox 1021 3429 1068 3476; x_wconf 88' lang='lat' dir='ltr'><em>res</em></span> <span class='ocrx_word' id='word_1_172' title='bbox 1084 3408 1170 3475; x_wconf 86' lang='lat' dir='ltr'><em>nihil</em></span> <span class='ocrx_word' id='word_1_173' title='bbox 1182 3406 1252 3503; x_wconf 84' lang='lat' dir='ltr'><em>ipsi</em></span> 
     </span>
     <span class='ocr_line' id='line_1_25' title="bbox 183 3524 1247 3627; baseline 0.003 -30"><span class='ocrx_word' id='word_1_174' title='bbox 183 3612 185 3617; x_wconf 23' lang='grc' dir='ltr'>Ι</span> <span class='ocrx_word' id='word_1_175' title='bbox 272 3528 422 3597; x_wconf 90' lang='lat' dir='ltr'><em>nocitura</em></span> <span class='ocrx_word' id='word_1_176' title='bbox 452 3524 522 3624; x_wconf 77' lang='lat' dir='ltr'><em>eset</em></span> <span class='ocrx_word' id='word_1_177' title='bbox 532 3555 548 3613; x_wconf 90' lang='lat'><em>;</em></span> <span class='ocrx_word' id='word_1_178' title='bbox 566 3556 606 3599; x_wconf 89' lang='lat' dir='ltr'><em>ne</em></span> <span class='ocrx_word' id='word_1_179' title='bbox 632 3533 776 3623; x_wconf 90' lang='lat' dir='ltr'><em>reciperet</em></span> <span class='ocrx_word' id='word_1_180' title='bbox 801 3533 928 3624; x_wconf 84' lang='lat' dir='ltr'><em>quidem</em></span> <span class='ocrx_word' id='word_1_181' title='bbox 954 3557 1108 3619; x_wconf 91' lang='lat' dir='ltr'><em>uxorem,</em></span> <span class='ocrx_word' id='word_1_182' title='bbox 1130 3530 1170 3627; x_wconf 84' lang='lat' dir='ltr'><em>fi</em></span> <span class='ocrx_word' id='word_1_183' title='bbox 1194 3533 1247 3600; x_wconf 87' lang='lat' dir='ltr'><em>ita</em></span> 
     </span>
     <span class='ocr_line' id='line_1_26' title="bbox 273 3649 1249 3745; baseline -0.002 -25"><span class='ocrx_word' id='word_1_184' title='bbox 273 3649 529 3742; x_wconf 65' lang='lat' dir='ltr'><em>victurumsed</em></span> <span class='ocrx_word' id='word_1_185' title='bbox 547 3675 655 3722; x_wconf 89' lang='lat' dir='ltr'><em>tamen</em></span> <span class='ocrx_word' id='word_1_186' title='bbox 669 3680 709 3722; x_wconf 89' lang='lat' dir='ltr'><em>ne</em></span> <span class='ocrx_word' id='word_1_187' title='bbox 722 3650 851 3742; x_wconf 80' lang='lat' dir='ltr'><em>fitmarrt</em></span> <span class='ocrx_word' id='word_1_188' title='bbox 866 3655 958 3722; x_wconf 86' lang='lat' dir='ltr'><em>illius</em></span> <span class='ocrx_word' id='word_1_189' title='bbox 972 3655 1130 3745; x_wconf 86' lang='lat' dir='ltr'><em>proderet.</em></span> <span class='ocrx_word' id='word_1_190' title='bbox 1149 3649 1249 3741; x_wconf 85' lang='lat' dir='ltr'><em>itast</em></span> 
     </span>
     <span class='ocr_line' id='line_1_27' title="bbox 265 3768 1246 3875; baseline 0.004 -34"><span class='ocrx_word' id='word_1_191' title='bbox 265 3768 429 3860; x_wconf 74' lang='lat' dir='ltr'><em>fitilurum</em></span> <span class='ocrx_word' id='word_1_192' title='bbox 446 3778 567 3869; x_wconf 87' lang='lat' dir='ltr'><em>recipit.</em></span> <span class='ocrx_word' id='word_1_193' title='bbox 581 3804 652 3848; x_wconf 90' lang='lat' dir='ltr'><em>cum</em></span> <span class='ocrx_word' id='word_1_194' title='bbox 672 3782 773 3875; x_wconf 75' lang='lat' dir='ltr'><em>igitur</em></span> <span class='ocrx_word' id='word_1_195' title='bbox 784 3807 883 3874; x_wconf 84' lang='lat' dir='ltr'><em>neque</em></span> <span class='ocrx_word' id='word_1_196' title='bbox 899 3785 992 3850; x_wconf 79' lang='lat' dir='ltr'><em>uellet</em></span> <span class='ocrx_word' id='word_1_197' title='bbox 1011 3805 1144 3848; x_wconf 89' lang='lat' dir='ltr'><em>uxorem</em></span> <span class='ocrx_word' id='word_1_198' title='bbox 1160 3778 1246 3846; x_wconf 86' lang='lat' dir='ltr'><em>reci-</em></span> 
     </span>
    </p>
   </div>
   <div class='ocr_carea' id='block_1_9' title="bbox 267 3900 1251 4113">
    <p class='ocr_par' dir='ltr' id='par_1_9' title="bbox 267 3900 1251 4113">
     <span class='ocr_line' id='line_1_28' title="bbox 267 3900 1251 3999; baseline 0.005 -33"><span class='ocrx_word' id='word_1_199' title='bbox 267 3922 364 3990; x_wconf 89' lang='lat' dir='ltr'><em>pere,</em></span> <span class='ocrx_word' id='word_1_200' title='bbox 378 3921 477 3990; x_wconf 88' lang='lat' dir='ltr'><em>neque</em></span> <span class='ocrx_word' id='word_1_201' title='bbox 494 3900 615 3992; x_wconf 81' lang='lat' dir='ltr'><em>rurfiem</em></span> <span class='ocrx_word' id='word_1_202' title='bbox 630 3929 735 3972; x_wconf 83' lang='lat' dir='ltr'><em>ueram</em></span> <span class='ocrx_word' id='word_1_203' title='bbox 760 3901 885 3999; x_wconf 83' lang='lat' dir='ltr'><em>afferret</em></span> <span class='ocrx_word' id='word_1_204' title='bbox 910 3904 1039 3995; x_wconf 76' lang='lat' dir='ltr'><em>causam</em></span> <span class='ocrx_word' id='word_1_205' title='bbox 1058 3928 1070 3972; x_wconf 89' lang='grc'><em>.·</em></span> <span class='ocrx_word' id='word_1_206' title='bbox 1081 3901 1251 3994; x_wconf 88' lang='lat' dir='ltr'><em>suspicati</em></span> 
     </span>
     <span class='ocr_line' id='line_1_29' title="bbox 270 4006 1251 4113; baseline 0.003 -25"><span class='ocrx_word' id='word_1_207' title='bbox 270 4018 349 4110; x_wconf 77' lang='lat' dir='ltr'><em>fitnt</em></span> <span class='ocrx_word' id='word_1_208' title='bbox 355 4018 472 4113; x_wconf 89' lang='lat' dir='ltr'><em>senes,</em></span> <span class='ocrx_word' id='word_1_209' title='bbox 496 4048 566 4091; x_wconf 88' lang='lat' dir='ltr'><em>turn</em></span> <span class='ocrx_word' id='word_1_210' title='bbox 587 4025 761 4094; x_wconf 75' lang='lat' dir='ltr'><em>Bacchidis</em></span> <span class='ocrx_word' id='word_1_211' title='bbox 782 4026 887 4091; x_wconf 86' lang='lat' dir='ltr'><em>adhuc</em></span> <span class='ocrx_word' id='word_1_212' title='bbox 902 4050 1007 4092; x_wconf 85' lang='lat' dir='ltr'><em>amore</em></span> <span class='ocrx_word' id='word_1_213' title='bbox 1030 4006 1251 4113; x_wconf 83' lang='lat' dir='ltr'><em>impcdiium,</em></span> 
     </span>
    </p>
   </div>
   <div class='ocr_carea' id='block_1_10' title="bbox 214 4134 1253 4368">
    <p class='ocr_par' dir='ltr' id='par_1_10' title="bbox 214 4134 1253 4368">
     <span class='ocr_line' id='line_1_30' title="bbox 214 4134 1251 4240; baseline 0 -26"><span class='ocrx_word' id='word_1_214' title='bbox 214 4152 219 4156; x_wconf 79' lang='grc'><strong>’</strong></span> <span class='ocrx_word' id='word_1_215' title='bbox 274 4170 312 4214; x_wconf 91' lang='lat' dir='ltr'><em>ea</em></span> <span class='ocrx_word' id='word_1_216' title='bbox 327 4147 365 4214; x_wconf 87' lang='lat' dir='ltr'><em>de</em></span> <span class='ocrx_word' id='word_1_217' title='bbox 377 4144 473 4236; x_wconf 80' lang='lat' dir='ltr'><em>coust</em></span> <span class='ocrx_word' id='word_1_218' title='bbox 486 4148 527 4214; x_wconf 87' lang='lat' dir='ltr'><em>ab</em></span> <span class='ocrx_word' id='word_1_219' title='bbox 538 4173 639 4217; x_wconf 82' lang='lat' dir='ltr'><em>uxore</em></span> <span class='ocrx_word' id='word_1_220' title='bbox 649 4151 821 4216; x_wconf 84' lang='lat' dir='ltr'><em>abhorrere.</em></span> <span class='ocrx_word' id='word_1_221' title='bbox 843 4144 1017 4240; x_wconf 85' lang='lat' dir='ltr'><em>aretffltam</em></span> <span class='ocrx_word' id='word_1_222' title='bbox 1035 4134 1143 4238; x_wconf 81' lang='lat' dir='ltr'><em>itaque</em></span> <span class='ocrx_word' id='word_1_223' title='bbox 1159 4147 1251 4214; x_wconf 89' lang='lat' dir='ltr'><em>Bac-</em></span> 
     </span>
     <span class='ocr_line' id='line_1_31' title="bbox 276 4264 1253 4368; baseline 0.004 -34"><span class='ocrx_word' id='word_1_224' title='bbox 276 4267 398 4340; x_wconf 81' lang='lat' dir='ltr'><em>chidem</em></span> <span class='ocrx_word' id='word_1_225' title='bbox 416 4272 564 4368; x_wconf 81' lang='lat' dir='ltr'><em>obiurgat</em></span> <span class='ocrx_word' id='word_1_226' title='bbox 577 4273 773 4365; x_wconf 84' lang='lat' dir='ltr'><em>Phidtppus.</em></span> <span class='ocrx_word' id='word_1_227' title='bbox 791 4295 828 4341; x_wconf 89' lang='lat' dir='ltr'><em>ca</em></span> <span class='ocrx_word' id='word_1_228' title='bbox 837 4319 850 4359; x_wconf 87' lang='lat'><em>,</em></span> <span class='ocrx_word' id='word_1_229' title='bbox 870 4268 982 4361; x_wconf 87' lang='lat' dir='ltr'><em>cumse</em></span> <span class='ocrx_word' id='word_1_230' title='bbox 996 4271 1048 4339; x_wconf 85' lang='lat' dir='ltr'><em>illi</em></span> <span class='ocrx_word' id='word_1_231' title='bbox 1058 4264 1253 4366; x_wconf 82' lang='lat' dir='ltr'><em>purgaffer,</em></span> 
     </span>
    </p>
   </div>
   <div class='ocr_carea' id='block_1_11' title="bbox 0 0 1410 5234">
    <p class='ocr_par' dir='ltr' id='par_1_11' title="bbox 0 0 1410 5234">
     <span class='ocr_line' id='line_1_32' title="bbox 0 0 1410 5234; baseline 0 2"><span class='ocrx_word' id='word_1_232' title='bbox 0 0 1410 5234; x_wconf 95' lang='lat' dir='ltr'><em> </em></span> 
     </span>
    </p>
   </div>
  </div>
 </body>
</html>
