2809 5234
238 838 306 913 172
487 817 526 894 e.
571 816 959 895 teneone

231 974 378 1050 Tantum
395 971 521 1050 facinus
534 976 657 1051 audet?
671 978 737 1072 Py.
750 976 833 1075 quid
845 977 891 1051 ite
903 974 1063 1055 taonem?
1076 982 1147 1060 Pa.
1162 1008 1209 1063 en

404 1122 474 1172 non
496 1098 564 1173 hoc
585 1123 776 1174 maxumum
796 1098 871 1173 est?

231 1218 320 1316 Quis
335 1217 443 1293 homo
457 1241 521 1316 pro
531 1219 676 1293 moecho
693 1245 841 1320 unquam
850 1217 983 1295 viditin
999 1220 1112 1299 domo
1129 1250 1206 1305 me·

402 1358 533 1415 remma

230 1464 352 1542 Peendi
364 1470 588 1564 quemquam?
605 1470 668 1561 Py.
683 1464 796 1540 nescio
812 1481 839 1541 ¹.
857 1470 919 1541 ea.
936 1486 971 1544 et
982 1468 1110 1547 neboc
1122 1475 1204 1551 mes·

401 1588 510 1676 ciatis,
535 1589 693 1688 Pythias,

231 1708 352 1808 Diuo,
377 1711 509 1788 edico²
532 1711 653 1798 vobis,
679 1713 828 1789 nostrum
853 1712 918 1791 effe
940 1714 1033 1809 illum
1057 1718 1202 1799 herilem

401 1833 519 1910 filium.
547 1840 613 1932 Py.
637 1836 714 1912 hem
732 1855 769 1932 5,
1151 1868 1202 1921 ιο

234 1961 408 2051 Obsecro,
421 1986 462 2035 en
474 1962 503 2035 is
515 1960 585 2035 est?
597 1964 662 2034 Pa.
681 1989 725 2038 ne
740 1988 838 2065 qoam
853 1963 991 2040 inillam
1006 1966 1114 2043 nnis
1125 1966 1201 2045 vim

404 2083 475 2158 fieri
496 2084 587 2159 sinat.
610 2160 613 2167 ,

206 2194 208 2203 ’
231 2213 342 2312 Atque
363 2210 449 2285 adeo
474 2230 584 2283 autem
610 2230 670 2282 cur
692 2231 764 2281 non
786 2227 922 2309 egomet
940 2209 1106 2287 introeo?
1132 2196 1202 2313 Py'.

401 2330 479 2406 vide
496 2334 659 2407 Parmeno

231 2455 329 2550 Quid
348 2478 424 2552 agas
435 2478 504 2544 ,ne
524 2479 633 2554 oeque
654 2454 701 2527 illi
722 2452 846 2551 prosto,
861 2472 894 2529 et
913 2474 950 2531 tu
963 2481 1100 2559 pereas:
1121 2484 1200 2539 nam

401 2576 469 2652 hoc
495 2594 632 2677 putant,
1078 2584 1081 2591 '

230 2697 405 2800 Quidquid
413 2699 538 2776 factum
548 2699 659 2794 est‚ex
671 2722 705 2777 te
717 2700 781 2777 effe
795 2722 918 2776 ortum.
932 2704 996 2776 Pa.
1004 2700 1086 2800 quid
1099 2701 1202 2802 igitur

404 2823 524 2900 faciam
550 2824 648 2897 miser
664 2826 707 2900 ⁴?

231 2946 368 3043 Quidve
389 2946 574 3045 incipiam?
599 2971 680 3021 ecce
701 2966 810 3023 autem
833 2948 937 3023 video
954 2973 1031 3023 rure
1053 2946 1202 3022 redeme-

396 3090 466 3146 tem
487 3070 608 3143 senem.
1149 3094 1195 3170 ις
1222 3166 1225 3171 ¹

216 3195 356 3298 ⁴Dicam
368 3195 470 3281 huic,
484 3217 526 3265 an
540 3192 632 3265 noni
645 3191 755 3266 dicam
775 3191 909 3268 hercle:
930 3190 988 3266 etti
1005 3189 1089 3265 mihi
1102 3216 1200 3295 mag-

398 3341 481 3391 num
508 3314 634 3387 malum

229 3442 308 3517 Scio
332 3464 505 3541 paratum:
531 3436 587 3512 sed
614 3433 741 3509 necesse
763 3432 829 3528 est,
852 3435 929 3512 huic
954 3455 991 3512 ut
1012 3433 1203 3516 subveniet.

219 3629 221 3632 .
351 3580 356 3593 ·
400 3568 468 3660 Py.
495 3562 600 3659 sapis:

234 3691 308 3788 Ego
318 3686 404 3761 abeo
414 3687 520 3760 intro:
534 3705 571 3760 tu
582 3683 633 3758 issi
647 3699 781 3759 narrato
794 3677 932 3770 ordine,
947 3694 984 3750 ut
994 3674 1116 3752 faaum
1128 3676 1210 3757 fiet.-

272 3873 288 3915 ι
306 3847 408 3913 Reddit
418 3849 495 3912 serva
508 3851 572 3915 illud
586 3855 681 3937 nescio.
740 3850 895 3925 Chaereae,
907 3849 964 3911 eius
975 3846 1106 3910 libermdi
1117 3845 1200 3910 mose

270 3945 392 4015 2Edico
407 3943 436 4003 h.
454 3943 474 4004 l.
496 3941 620 4008 Aunesis.
741 3946 890 4028 pericolum
907 3944 986 4019 adit,
1003 3941 1077 4005 haud
1102 3957 1197 4001 temen

273 4057 289 4122 3
313 4037 373 4101 lam
385 4033 478 4097 secum
492 4035 562 4098 laeta
577 4035 684 4105 simulat
744 4037 816 4098 adeo
840 4036 965 4118 praesens
975 4081 986 4109 ‚
996 4056 1089 4118 -quem
1116 4031 1198 4116 qood

229 4130 258 4195 se
274 4131 445 4216 aliquantum
459 4130 589 4192 territam.
743 4148 760 4187 a
774 4124 882 4188 Thaide
892 4127 991 4189 timuit.
1003 4124 1091 4187 Serva
1101 4144 1196 4199 vero,

270 4225 366 4298 4lem
383 4223 434 4286 sebi
448 4220 527 4284 fimul
543 4223 631 4305 magis
642 4222 679 4283 ti-
744 4239 809 4279 eum
820 4216 1197 4303 ficultioneseexpleiimre·

233 4332 331 4393 m,
348 4317 382 4384 δι
397 4315 586 4402 desomnem
600 4314 683 4379 salute
742 4310 1185 4397 gemediffinmlmshetitim
