2809 5234
273 579 316 631 vl

272 722 474 790 committant
484 771 498 806 ,
524 718 615 789 trtius
629 715 712 805 fidei
724 713 832 809 sicuti
855 719 1095 812 indormiscunt.
1128 722 1242 792 thete

271 817 444 887 attelaciam
468 816 621 910 eiusmodi
652 818 817 885 leontinum
831 870 846 904 ,
862 818 1134 909 existimationem
1141 818 1242 913 suam

266 921 343 1010 pati
371 921 440 985 loco
459 968 471 1004 ,
491 938 588 1010 atque
615 919 781 984 commoda
806 918 998 1006 literarum,
1025 921 1058 988 lt.
1076 945 1101 988 e.
1122 922 1242 1008 nullo,

271 1018 467 1086 habentium.
500 1014 694 1101 Editionis,
715 1038 813 1108 quarn
843 1016 958 1086 titulus
982 1018 1024 1087 ab
1047 1015 1245 1117 ipfis'cura·

273 1136 340 1184 tam
359 1117 528 1201 mentitur,
541 1138 581 1182 ne
589 1108 713 1198 folium
735 1114 862 1205 quidem
878 1118 972 1207 ptius
985 1117 1087 1185 oculis
1107 1117 1217 1187 rident
1225 1169 1242 1206 ,

272 1238 372 1306 quam
396 1213 495 1291 editio
519 1213 612 1306 prelo
660 1212 796 1280 liberata
828 1217 957 1283 venalis
984 1216 1169 1308 exponitur.
1205 1240 1243 1301 eo

271 1313 401 1402 quidem
415 1312 510 1379 modo
521 1308 632 1379 veteris
645 1305 795 1401 cuiusque
804 1312 941 1382 auc‘loris
952 1317 1100 1383 editorem
1101 1310 1140 1406 si
1143 1309 1243 1403 fine,

270 1407 423 1503 cuiusque
429 1407 488 1505 stt.
502 1411 536 1477 E
537 1433 558 1476 a
579 1429 652 1477 otro
673 1410 762 1496 laus,
776 1430 835 1477 aut
848 1413 942 1480 nulla
961 1413 1024 1515 est,
1040 1434 1100 1481 atet
1112 1412 1243 1504 perexi-

272 1530 350 1600 gua.
385 1511 461 1600 Ego
492 1505 635 1599 equidem
661 1529 730 1573 tam
761 1509 870 1577 mereti
895 1512 1019 1598 nolim,
1048 1505 1245 1602 &perfiona

272 1629 344 1675 mea
363 1605 532 1698 indignam
548 1605 683 1673 indicem
691 1629 707 1686 ,·
720 1607 780 1696 qui
799 1608 848 1674 ita
861 1607 1028 1703 (laruam,
1044 1609 1096 1676 ceti
1116 1609 1243 1675 ltomini

273 1700 363 1770 dailo
375 1700 443 1793 sua
464 1702 608 1798 dignitas
628 1701 779 1798 curaſse,
795 1700 828 1775 δ’
844 1706 902 1797 qui
913 1705 1096 1797 aequalium
1103 1705 1241 1795 ficorum

267 1800 522 1900 posterorumque
539 1802 713 1869 commodis
715 1800 856 1967 lludeat
865 1855 879 1890 ‚
897 1803 1041 1894 bonaque
1046 1800 1116 1891 fide
1133 1803 1171 1869 de
1187 1827 1241 1871 or·
1314 1861 1319 1870 .

271 1897 396 1968 nandis
412 1893 445 1968 θ
460 1898 698 1992 amplificandis
735 1898 809 1970 onis¹
824 1901 924 1969 literis
940 1901 1078 1994 cogitet,
1092 1921 1162 1965 eum
1182 1900 1238 1966 dc-

270 2021 366 2084 oerc,
391 2022 457 2066 non
482 2019 520 2066 ut
547 2000 673 2067 alienae
691 1998 776 2088 filei
799 1999 848 2067 ita
868 1995 1012 2091 supinus
1040 1996 1238 2080 indormiat,

266 2093 331 2186 sed
352 2117 388 2163 ttt
405 2096 470 2187 ipse
490 2117 623 2189 quaerat
636 2148 649 2182 ,
665 2093 920 2190 qnid·vtrttmfit
935 2088 969 2166 ἃ
976 2092 1180 2193 genuinum,
1204 2088 1238 2162 ὁ*

273 2194 369 2261 domo
390 2188 505 2288 afferat
520 2246 533 2280 ,
547 2197 633 2263 unde
652 2190 790 2294 uetustus
811 2193 942 2289 quisque
964 2192 1073 2264 auc‘ior
1093 2194 1242 2262 emenda-
1288 2270 1290 2273 ¹

272 2291 362 2377 tior,
383 2287 575 2362 ornatior&
593 2294 813 2361 illuminatior
822 2294 968 2387 prodeat.
980 2293 1243 2363 Haecltallenns‘.

272 2390 385 2459 Erunt
397 2409 505 2458 tamen
519 2413 629 2460 contra
645 2392 703 2484 qui
708 2390 915 2483 sedulitatem
924 2416 1026 2469 meane
1044 2389 1218 2482 improbent
1228 2441 1244 2474 ,
1319 2424 1321 2428 ·

273 2480 310 2555 {a
324 2511 386 2578 pro
408 2490 593 2579 imponuna
609 2511 706 2582 atque
721 2484 863 2578 vaefitna
876 2491 1057 2558 traducant.
1086 2487 1179 2579 Quos
1191 2511 1244 2554 ro-

253 2608 368 2680 ,gatos
394 2589 488 2654 velim
506 2640 519 2674 ,
540 2589 683 2679 primurn
706 2610 743 2655 ue
765 2588 925 2681 cogitent,
939 2584 978 2682 fi
1001 2585 1142 2655 Henrico
1167 2587 1243 2652 Ste-

267 2685 404 2777 phano,
420 2683 460 2780 st
475 2687 619 2755 Danieli
645 2683 780 2782 Heinsio
800 2687 840 2754 id
849 2685 965 2770 licuit,
981 2684 1037 2778 qni
1045 2681 1114 2767 fibi
1123 2679 1243 2774 fitrnp·

265 2782 363 2874 sere,
391 2805 427 2852 ut
441 2808 503 2874 pro
524 2785 656 2853 arbitrio
671 2783 737 2876 fito
751 2806 878 2853 textum
898 2782 1056 2852 Theocriti
1069 2797 1244 2866 mutarent,

265 2880 363 2972 firepe
378 2883 495 2949 idonea
505 2881 580 2978 fine
596 2882 694 2973 causa
706 2935 720 2969 ,
735 2884 830 2975 idque
840 2882 939 2950 inulti
952 2885 1061 2966 tulere,
1077 2881 1156 2948 milti
1169 2904 1245 2970 quo·

273 3005 334 3070 que
347 2981 405 3046 ltoc
419 2980 509 3049 licere
528 2981 644 3049 debere.
665 2981 756 3047 Nam
776 3002 835 3048 aut
841 2978 1001 3069 stultitiae
1017 2973 1244 3070 &imperitiae

275 3072 376 3171 effre,
398 3098 458 3144 ant
481 3079 648 3162 invidiae,
677 3079 760 3145 idem
774 3074 900 3163 fite‘lutn
924 3080 962 3142 in
988 3076 1064 3142 aliis
1085 3076 1245 3160 laudare,

273 3177 310 3242 in
336 3177 414 3243 aliis
436 3173 583 3267 insellari
607 3175 691 3245 odiis
719 3169 753 3244 le
782 3173 946 3243 convitiis.
973 3173 1133 3259 Deinde,
1159 3191 1195 3237 ut
1222 3197 1246 3239 a

274 3275 437 3362 contendo
462 3273 619 3367 tantisper
631 3274 699 3373 fibi
717 3293 887 3367 temperent
898 3323 911 3357 ,
933 3273 1033 3339 donec
1057 3268 1122 3368 ipfi
1142 3268 1246 3337 Titto-

274 3370 388 3437 critum
410 3373 578 3467 diligenter
601 3374 761 3468 legerint,
785 3363 818 3440 c«
841 3369 965 3462 nostras
989 3364 1245 3465 animalrtrfio·

274 3491 353 3535 num
372 3471 496 3543 libellos
519 3497 591 3543 curn
612 3497 648 3543 eo
666 3475 884 3566 compararint
903 3469 977 3546 &ce
