2809 5234
241 876 292 946 -26
487 868 958 946 P.TERENTii

241 1037 326 1127 Qno
348 1035 453 1132 tnagis
473 1035 590 1106 lubido
618 1030 737 1108 frustra
760 1030 955 1104 incendatur
971 1049 1038 1105 tua.
1167 1059 1212 1110 ro

245 1161 281 1231 C.
307 1159 579 1247 facinorum,
611 1181 716 1252 quum
749 1154 923 1243 valemus,
956 1158 1041 1231 reita
1071 1157 1213 1234 consilia

218 1331 222 1346 ·
271 1350 274 1361 ,
411 1282 554 1380 aegrotis
581 1280 707 1352 damus.

149 1472 153 1481 .
196 1474 201 1486 ,
240 1407 296 1480 Tu
321 1407 346 1480 fi
367 1408 422 1480 hic
443 1423 452 1455 ¹
478 1407 537 1492 srs,
559 1403 655 1475 aliter
673 1403 798 1478 sentias.
824 1409 866 1476 B.
874 1428 940 1502 ,age
961 1430 1041 1503 age,
1055 1425 1092 1478 ut
1110 1406 1212 1482 lubet.

416 1535 454 1603 C.
475 1530 531 1603 sed
554 1529 759 1625 Pamphilum
868 1550 872 1556 ’

242 1655 367 1729 Video.
404 1655 520 1726 omnia
546 1653 689 1750 experiri
726 1670 856 1752 certum
889 1651 935 1723 est
965 1632 1084 1748 print,
1109 1678 1210 1754 quam

412 1789 556 1874 ²pereo.
582 1781 624 1850 B.
646 1778 727 1875 quid
753 1776 807 1846 hic
831 1775 924 1872 agit?

246 1902 283 1976 C.
308 1901 416 1999 Ipsum
442 1902 530 1974 hunc
556 1884 685 1974 orabo:
710 1900 787 1973 huic
814 1898 1037 1998 sttpplicabot
1061 1926 1210 1978 amorem

324 2030 326 2037 '
413 2025 491 2098 huic
513 2026 655 2098 narrabo
673 2049 795 2096 meum.

244 2149 384 2241 Credo,
402 2149 589 2249 impetrabo
604 2202 615 2241 ,
632 2168 670 2223 ut
684 2149 814 2246 aliquot
828 2147 931 2220 saltim
949 2146 1071 2246 nuptiis
1092 2152 1212 2248 prodat

413 2275 495 2349 dies.
999 2268 1009 2279 ”
1070 2338 1074 2352 ,
1167 2300 1205 2375 ¹5

244 2400 370 2472 Interea
393 2399 451 2474 fiet
471 2398 623 2498 aliquid,
643 2397 754 2495 spero.
779 2400 821 2471 B.
842 2394 877 2471 id
902 2396 1027 2496 aliquid
1049 2396 1130 2472 nihil
1153 2397 1212 2472 est.

417 2528 454 2596 C.
483 2523 649 2622 Byrrhia,
689 2592 694 2602 ,
911 2523 915 2537 ’

244 2648 340 2744 Quid
362 2648 424 2721 tibi
447 2645 608 2722 videtur?
642 2645 762 2720 adeon’
787 2646 830 2720 ad
858 2653 964 2722 eum?
999 2650 1043 2720 B.
1068 2641 1208 2746 quidni?

413 2772 540 2844 srnihil
566 2773 746 2868 impetres,

170 2958 172 2962 .
243 2898 292 2973 Ut
315 2913 348 2968 te
374 2896 547 2969 arbitretur
572 2894 631 2967 fibi
659 2917 810 2994 paratum
841 2896 1046 2982 moechum,
1071 2896 1095 2968 st
1119 2895 1208 2969 illam

413 3017 555 3094 duxerit.

246 3152 313 3222 ΟΛ
335 3143 439 3219 Abin’
466 3144 544 3218 hinc
579 3144 616 3215 in
653 3145 772 3215 malam
809 3169 880 3217 rent
912 3170 988 3219 cum
1022 3143 1210 3243 suspicione

417 3268 540 3356 isthac,
568 3267 694 3341 scelus!

244 3396 291 3503 P:
299 3396 480 3470 Charinum
495 3395 608 3470 vide0.
631 3392 732 3466 salve'.
750 3397 786 3463 C.
801 3418 825 3466 o
839 3392 952 3484 salve,
969 3393 1148 3491 Pamphile.
1164 3418 1208 3468 20

245 3519 299 3591 nd
312 3539 346 3592 te
360 3520 526 3605 advenio,
541 3522 651 3618 spem,
669 3517 827 3610 salutem,
841 3517 1021 3611 auxilium,
1036 3517 1207 3595 confilium

415 3663 580 3741 expetens.

288 3929 301 3970 1
321 3906 417 3972 Semet
432 3906 638 3991 indigitarehoc
649 3910 696 3972 di·
755 3911 830 3995 vulg.
842 3927 936 3994 utpote
953 3913 1050 3974 certius
1067 3908 1207 3974 consiliunt

245 4015 291 4078 tit.
308 4015 343 4079 Et
357 4014 396 4078 est
412 4017 456 4076 hic
474 4037 628 4098 pronomen
645 4041 696 4080 no·
755 4020 886 4102 pereundi
904 4021 1033 4080 indicans.

243 4135 317 4184 tante
332 4123 459 4186 Donato.
796 4126 953 4206 3Charinus
964 4128 1052 4208 prodit
1061 4123 1206 4187 honestum

276 4250 312 4301 ¹2
332 4231 415 4298 MSS.
437 4233 552 4315 quidam
576 4233 608 4295 δι
630 4233 692 4294 edd.
751 4253 877 4294 amorem
893 4254 983 4315 eoque
1002 4253 1109 4295 verurrn

178 4413 180 4418 Ι
245 4349 313 4395 vett.
332 4359 442 4416 peream.
466 4337 584 4402 Praestat
601 4362 694 4403 autern
