2809 5234
287 762 359 864 3⁸8
454 762 543 839 ru
592 740 1165 869 ruorurouaru

158 950 164 959 ·
285 923 382 1017 Quid
398 947 477 996 veru
496 922 655 995 Phaedria
673 932 785 992 retinere
800 941 929 1014 poterat
945 928 957 995 i
971 922 1079 996 Certe
1099 947 1178 998 uon
1198 927 1289 997 ami·

284 1040 382 1097 taur,
401 1040 501 1106 quam
523 1017 671 1087 nondum
691 1015 848 1099 habebat,
863 1039 973 1106 oeque
1001 1026 1135 1104 mittere,
1160 1043 1285 1111 raeque

284 1117 407 1176 mitem
429 1127 589 1198 poterat3
609 1105 666 1178 sed
691 1136 816 1177 mum.
837 1106 891 1178 Sic
922 1105 996 1178 Cic.
1025 1107 1069 1178 de
1094 1114 1207 1182 amic.

283 1209 414 1271 Retinens
432 1209 573 1268 cariemm
586 1210 617 1268 in
627 1206 769 1289 pastores,
787 1227 855 1289 quos
869 1224 964 1289 patres
982 1204 1032 1286 effe
1046 1208 1211 1271 &aaut

307 1290 455 1361 uomodo
478 1291 605 1362 diuersa
623 1290 720 1374 suut,
735 1299 865 1368 retinere,
876 1319 967 1359 amare
981 1296 991 1360 i
1006 1290 1144 1364 Pariter
1167 1295 1218 1367 de
1243 1297 1279 1369 se

281 1317 369 1455 aut.
390 1406 470 1454 mox
499 1381 568 1453 duo
583 1381 711 1454 diversa
729 1381 827 1466 facit,
841 1386 891 1453 uti
906 1380 989 1455 iufra
1007 1380 1080 1464 lli,
1101 1407 1230 1478 5³³²·

317 1499 402 1566 pag.
428 1496 502 1568 ¹5⁰·
521 1474 580 1545 lio.
609 1498 636 1541 r.
655 1473 766 1544 Bentl.
796 1474 884 1545 maie
906 1471 989 1565 sapit
1010 1476 1190 1549 mutando
1216 1487 1279 1548 eius

282 1568 318 1639 iu
334 1576 387 1634 ius.
407 1566 574 1637 Mitteudi
598 1569 651 1636 ius
669 1589 737 1635 nou
757 1563 805 1635 est
817 1566 849 1635 h.
871 1567 895 1637 1.

322 1658 380 1728 liu·
404 1678 419 1750 5
435 1658 482 1748 sq.
498 1657 525 1728 F
527 1681 613 1729 aero.
626 1657 718 1726 dedit
733 1686 815 1744 quam
837 1661 883 1725 hie
898 1685 970 1725 nune
982 1663 1051 1724 mihi
1072 1669 1193 1729 numia
1208 1693 1274 1735 rm.

280 1749 356 1819 Alii
370 1750 473 1820 aliter.
489 1748 567 1819 Noa
588 1748 757 1855 sequimur
780 1746 889 1818 Codd.
913 1768 948 1819 et
961 1752 1133 1827 rationem
1147 1752 1272 1829 Beati

279 1841 474 1931 quibuscum
501 1845 655 1932 congruit
675 1841 727 1911 ed.
751 1840 858 1910 nostra
880 1859 987 1911 vetus.

326 1933 383 2001 lin.
409 1957 440 2024 9.
457 1941 510 2020 nist
531 1942 588 2000 iam
619 1940 735 2021 aliquod
756 1939 817 2003 dec.
845 1931 900 2003 Sic
928 1930 1044 2013 Faeru.
1070 1956 1118 2003 ex
1151 1935 1270 2008 Codd.

278 2022 401 2095 suiset
422 2023 562 2094 Donato
583 2028 747 2100 correxit,
767 2023 939 2095 ordlrravit.
957 2022 1023 2093 Sed
1046 2021 1169 2095 Bentl.
1191 2056 1270 2103 eum

277 2114 444 2187 Prisciano
470 2116 526 2185 srbi
545 2140 612 2186 non
626 2115 776 2186 constant
793 2116 896 2186 edidit
911 2125 965 2202 nist
981 2123 1101 2204 aliquod
1116 2127 1178 2186 iam
1194 2127 1269 2209 confi

278 2214 329 2275 cel.
348 2214 481 2296 repereris.
498 2206 638 2277 Variaut
664 2206 775 2278 Codd.
798 2226 833 2277 et
853 2206 926 2276 edd.
952 2205 1008 2276 sed
1030 2232 1138 2280 nemo
1166 2238 1268 2301 prae·-

278 2298 457 2459 terlBentl.
472 2298 581 2370 omifit
600 2307 660 2368 ribi.
675 2298 792 2369 Multa
804 2302 835 2368 ia
854 2298 1005 2391 refingit,
1017 2325 1108 2389 quae
1124 2308 1265 2379 mittere

279 2413 335 2463 tua
350 2414 456 2461 umus.
958 2454 961 2460 .

326 2484 384 2551 liu.
411 2506 462 2552 rr.
485 2479 545 2550 Al.
562 2485 670 2551 minus
689 2500 767 2569 apte
780 2503 790 2551 t
803 2489 851 2551 Ira
874 2509 946 2548 nuuc
963 2489 1028 2571 imp.
1044 2488 1161 2567 sibun.

325 2573 402 2641 ibid.
425 2599 451 2641 te
474 2581 632 2662 impendent.
654 2571 765 2642 Benti.
796 2573 876 2642 facit
900 2583 929 2640 in
952 2603 1000 2642 me.
1024 2575 1136 2662 Apud
1164 2576 1261 2651 Don.

279 2666 415 2756 quidem
431 2667 460 2734 h.
479 2664 501 2732 l.
519 2684 598 2733 uota
612 2665 736 2757 legitur
750 2693 759 2733 .·
774 2672 818 2732 lu'c
835 2675 974 2751 transtrum
989 2669 1060 2752 secie
1081 2679 1127 2736 ad
1137 2681 1263 2759 prim

299 2761 348 2842 erfi
374 2756 439 2827 Sed
459 2755 538 2827 haec
561 2777 640 2826 uota
667 2760 779 2845 potius
808 2756 849 2825 ad
873 2782 906 2829 u·
929 2755 974 2844 sq.
1006 2762 1203 2851 pertineat3
1219 2764 1264 2833 cf.

310 2850 388 2918 laur.
410 2849 508 2938 Epid.
530 2847 563 2933 l,
582 2872 618 2932 1,
634 2870 675 2941 75
699 2847 747 2938 sq.
766 2867 801 2918 et
814 2871 918 2937 aeque
943 2848 1041 2918 facile
1067 2848 1111 2922 stt
1136 2855 1262 2949 legere

279 2971 310 3009 ur
329 2967 364 3008 te.
494 2993 497 3001 .

298 3059 375 3125 pag.
390 3053 449 3125 15¹
466 3032 548 3102 lin.1
572 3030 618 3120 sq.
631 3026 948 3124 Versuihuicuulgo
962 3029 1138 3105 subiicitur
1152 3039 1263 3118 alius,

305 3151 382 3194 uem
402 3149 478 3194 curn
504 3148 546 3193 ex
565 3123 672 3191 Andr.
692 3121 730 3206 l,
752 3146 792 3212 3,
812 3146 828 3212 3
850 3128 992 3212 primurn
1013 3131 1163 3217 margini
1195 3133 1260 3201 ad·

277 3151 434 3305 Scriptum
444 3265 454 3299 ‚
471 3215 547 3285 dein
567 3218 676 3284 textui
690 3215 777 3283 male
797 3215 961 3305 ingestum
978 3214 1100 3287 viderit
1110 3221 1261 3313 quisque

277 3306 481 3395 sapientior,
497 3306 631 3376 tandem
651 3309 858 3375 omittimus:
875 3317 956 3392 Quae
971 3316 1001 3393 fi
1022 3335 1076 3373 non
1100 3319 1163 3399 astu
1181 3343 1261 3402 pro-

277 3409 405 3467 videntur
413 3450 424 3483 ‚
440 3428 481 3466 me
492 3424 541 3466 aur
554 3407 645 3466 derum
659 3402 763 3485 peffitm
774 3405 886 3465 dabunt.
906 3398 956 3467 lbi
986 3398 1106 3469 Davus
1126 3428 1193 3491 per·
1205 3414 1260 3474 he·

277 3520 336 3558 rum
352 3490 551 3582 significabat
568 3498 718 3570 iuniorem,
732 3486 788 3556 sed
802 3489 871 3577 ipse
892 3487 984 3559 Geta
1002 3513 1081 3559 mox
1091 3500 1190 3563 lterum
1205 3497 1259 3568 di-

275 3586 323 3654 cit
338 3589 450 3668 senem,
470 3586 527 3671 qui
543 3580 632 3650 adsit.

323 3700 397 3765 pag.
421 3697 494 3766 152.
517 3675 575 3742 lin.
603 3695 629 3738 1.
652 3675 844 3758 convasaffim.
861 3670 914 3744 Sic
933 3672 1060 3766 ‘legunt
1088 3695 1126 3745 et
1153 3673 1255 3751 Ποῦ.

274 3766 457 3857 figuratum
479 3765 648 3846 dicent,a
675 3763 874 3854 colligendis
900 3764 1001 3848 vasis,
1022 3783 1057 3834 et
1082 3767 1257 3856 Nonius,

275 3860 333 3947 qui
356 3862 492 3945 exponit
507 3879 516 3926 ε
525 3861 625 3944 stertire
649 3861 813 3944 collegiffem.
828 3856 892 3926 Sed
912 3856 973 3926 hoc
998 3855 1157 3939 Bentleio
1184 3888 1258 3934 uou

274 3973 320 4020 ex
342 3974 422 4021 vero
443 3947 583 4021 videtur.
600 3945 647 4014 Et
668 3946 714 4015 est
732 3952 765 4016 in
789 3948 880 4018 cod.
895 3946 1011 4017 Bemb.
1040 3946 1172 4022 Basuic.
1190 3963 1257 4025 dec.

273 4039 576 4203 tardari
598 4039 653 4197 iffi
668 4047 862 4202 uuir
877 4040 977 4220 rui
995 4039 1262 4223 *ursui

386 4156 398 4220 3
453 4185 459 4199 ·
531 4185 537 4200 ·
578 4179 588 4212 a
637 4181 648 4214 a
691 4183 698 4200 ·
846 4183 853 4198 ·
917 4182 929 4215 a
978 4181 988 4215 e
1059 4183 1068 4200 ·
1216 4168 1240 4214 V

231 4253 233 4256 ·
271 4225 380 4297 solent
398 4132 527 4313 aliquid
554 4223 689 4293 auferre.
716 4223 801 4292 Eun.
826 4222 896 4304 lv,
926 4247 1036 4314 3,19.
1146 4162 1173 4229 g

320 4320 379 4390 iiu.
398 4325 592 4407 afproriuam.
612 4312 666 4388 Sic
685 4340 729 4388 ex
752 4313 846 4388 Dan.
868 4314 1054 4411 Nigidium
1066 4314 1253 4412 laudante,
