2809 5234
506 752 832 827 HECYRAE
1092 773 1158 853 3„

195 916 258 1012 Pa.
274 915 424 990 Mutatio
444 912 483 988 fit
502 931 526 988 ¹.
545 917 607 988 Pl.
624 941 665 988 ea
683 933 697 965 ²
723 938 788 988 nos
818 913 1021 1010 perturbat,
1043 915 1166 991 Lache.

195 1040 265 1151 Pa:
294 1038 393 1110 Dum
425 1061 469 1109 ne
495 1035 681 1126 reducam,
704 1035 845 1109 turbent
866 1055 876 1098 ³
899 1059 1037 1131 porro,
1063 1063 1166 1136 quam

396 1165 518 1236 velint.
917 1220 921 1227 .

195 1286 257 1358 Pl.
273 1286 346 1381 Ego
363 1305 400 1374 4,
418 1284 593 1382 Pamphile
605 1337 618 1375 ,
632 1281 700 1356 effe
714 1284 805 1357 inter
816 1307 880 1356 nos
892 1283 943 1375 ,st
956 1282 1167 1383 fieripotetu

195 1403 404 1475 Affinitatem
434 1403 521 1475 hanc
547 1403 625 1475 sane
649 1423 855 1502 perpetuam
880 1403 993 1477 volo:

129 1595 131 1601 .
195 1526 254 1597 Sin
280 1524 352 1617 est,
373 1524 535 1598 utaliter
554 1543 615 1598 tua
635 1525 697 1599 siet
723 1525 917 1618 sententia,
1124 1550 1163 1630 ις
1235 1599 1238 1608 ,

196 1647 352 1742 Accipias
380 1673 527 1745 puertun
545 1664 569 1722 5.
596 1651 659 1720 Pa.
678 1647 777 1722 sensit
793 1647 961 1747 peperisse
979 1673 989 1719 τ
1009 1650 1141 1724 occidi!

195 1771 233 1841 L.
250 1768 428 1843 Puerum!
454 1771 759 1868 quempuerum?
783 1763 845 1843 Pl}
870 1776 972 1866 natus
992 1769 1041 1844 est
1066 1772 1170 1849 nobis

393 1874 524 1991 mmm
814 1982 828 2000 .

194 2016 285 2089 Nam
305 1994 487 2088 ahduuaa
509 1992 821 2112 vobispraegnans
843 2012 955 2088 fuemt
976 2013 1068 2108 filia,

183 2141 319 2239 Neque
355 2139 454 2213 fuisse
487 2157 731 2236 praegnantem
766 2161 921 2235 unquam
960 2158 1040 2212 ante
1075 2139 1168 2215 hunc
1260 2132 1264 2139 ’
1303 2204 1309 2217 .

390 2261 475 2335 scivi
503 2263 607 2335 diem.
758 2272 761 2277 ’

196 2392 234 2458 L.
254 2387 366 2474 Bene,
388 2387 437 2459 ita
452 2410 508 2458 me
528 2389 563 2458 di
585 2407 719 2477 ament,
739 2384 901 2459 nuntias:
922 2400 958 2456 et
975 2385 1109 2483 gaudeo
1120 2405 1169 2457 20

195 2502 324 2574 Nat'um
339 2501 459 2594 illum,
478 2523 513 2576 et
530 2505 626 2577 illum
647 2505 799 2581 salvam:
820 2505 879 2580 sed
904 2505 989 2607 quid
1012 2504 1168 2580 mulieris

236 2759 250 2802 1
276 2739 345 2802 Stil.
364 2763 475 2818 terum,
496 2761 531 2802 ex
553 2762 638 2801 com·
716 2740 844 2826 ‘Pampln
873 2745 955 2803 omni
978 2745 1028 2826 spe
1052 2746 1168 2809 excidit.

194 2852 355 2912 mutatione
384 2835 565 2936 suspicionis.
589 2853 639 2913 sic
676 2921 680 2929 .
721 2850 892 2916 Promiserat
908 2877 976 2916 vero
991 2857 1088 2918 socrus
1106 2855 1167 2936 111,

194 2947 363 3035 Pamphilus
376 2953 506 3028 seorsim,
522 2955 640 3040 sperans
725 2978 765 3033 5,
787 2965 823 3035 36
846 2954 909 3041 sqq.
929 2977 960 3018 ut
978 2958 1045 3018 clam
1064 2961 1168 3020 eveniat

188 3056 560 3146 ,indesibieffugiumsoto
718 3081 828 3145 patrem,
836 3081 914 3144 atque
922 3065 1141 3144 adeoomne53sed
1139 3067 1170 3142 fi

235 3189 251 3223 2
269 3164 338 3226 scil.
359 3187 441 3227 uxor.
714 3171 778 3250 fieti
787 3171 817 3228 id
827 3191 878 3228 non
886 3171 984 3249 potest,
1000 3168 1086 3226 dicam
1094 3169 1169 3228 abor·

237 3273 399 3353 3Resettur
418 3277 455 3337 ad
477 3279 558 3368 prius
568 3297 635 3358 per·
719 3296 774 3337 tum
786 3275 897 3356 effl.·-
911 3275 1166 3354 Continuoexpone·

193 3371 288 3441 turbae.
307 3382 395 3460 Quam
410 3378 429 3440 s.
442 3403 591 3467 quantum.
603 3381 640 3443 Et
722 3399 772 3442 tur.
789 3382 849 3441 lam
857 3380 898 3439 uti
912 3373 985 3437 visus
999 3375 1034 3436 ab
1047 3398 1100 3436 avo
1112 3399 1166 3437 ne·
1292 3458 1295 3463 Ι

193 3485 251 3547 hoc
268 3489 303 3549 ad
317 3488 491 3571 spestatotes
512 3493 593 3553 dixit.
720 3510 777 3572 pos
787 3483 980 3547 difficultatem
991 3481 1164 3545 affertmaxi·

235 3625 254 3673 4
268 3602 349 3663 Don.
362 3586 426 3659 Hoc
434 3600 634 3680 pronomenint'-
717 3618 794 3657 mam
806 3590 959 3676 Pamphilo
970 3637 978 3665 ,
989 3593 1161 3676 itastupentl

193 3704 258 3764 tium
271 3707 385 3764 continet
402 3704 528 3763 orationis
538 3705 634 3786 gravi·
717 3721 884 3784 opportune
909 3697 1037 3760 subvenit
1071 3698 1161 3762 subita

194 3830 233 3874 tet
239 3817 371 3896 inceptae,
383 3800 507 3875 utAmsr.
521 3817 539 3874 1
547 3860 556 3889 ,
569 3800 595 3888 i,
608 3821 635 3876 8.
718 3813 826 3875 laetitia
842 3809 957 3872 alterius
979 3814 1023 3873 avi
1043 3834 1076 3872 ex
1092 3831 1161 3873 nato

236 3946 250 4002 5
269 3924 389 4005 Quanto
402 3926 513 3985 brevius
527 3923 584 3984 hoc
594 3924 637 3985 di·
718 3941 835 4004 nepote.
867 3920 903 3984 Et
918 3921 1088 4008 plerumque
1106 3945 1161 3984 avo

194 4037 233 4095 cit
253 4033 350 4107 socer,
367 4052 447 4093 tanto
469 4033 582 4114 gravius
604 4032 636 4090 in
717 4029 870 4090 iucundior
886 4023 940 4089 esse
960 4027 1033 4089 solet
1049 4049 1083 4088 ex
1099 4027 1160 4089 filio

194 4167 276 4210 aures
301 4143 446 4227 Pamphili
465 4144 575 4204 incidit.
595 4142 640 4203 En
722 4138 836 4200 soboles
857 4139 960 4220 prima.

195 4261 317 4325 mutatio
344 4258 451 4339 sista,
482 4253 531 4317 sed
562 4254 638 4314 unde
