2809 5234
504 885 815 963 ANDle
1114 911 1156 987 η

189 1054 243 1125 si.
260 1067 269 1101 ¹
288 1052 322 1125 Si
335 1049 464 1139 sensero
478 1049 602 1136 hodie,
617 1048 799 1146 quidquam
815 1044 850 1116 in
862 1042 913 1118 his
927 1067 959 1121 te
973 1047 1095 1144 nuptiis

189 1177 346 1251 Fallaciae
361 1173 495 1261 conari,
509 1198 579 1269 quo
597 1170 675 1243 fiant
690 1174 822 1255 minus;

190 1305 258 1371 Aut
274 1302 360 1373 velle
373 1299 458 1371 inea
473 1320 507 1369 re
522 1310 532 1342 ²
551 1296 702 1382 ostendi,
719 1319 819 1391 qnam
835 1290 874 1366 sis
887 1292 1045 1367 callidus:

190 1422 392 1495 Verberibus
417 1414 544 1493 caelirm
561 1438 598 1537 le
617 1416 651 1532 in
671 1418 873 1514 pistrinum,
894 1420 1015 1508 Dave,
1036 1420 1156 1495 dedam

289 1547 393 1643 usque
411 1546 453 1617 ad
466 1569 581 1618 necem
598 1570 610 1629 ;

189 1671 238 1761 Ea
252 1670 323 1766 lege
343 1688 441 1767 arque
458 1670 571 1740 omine
588 1681 687 1756 3‚ur,
701 1663 724 1736 sr
740 1685 771 1737 re
785 1665 861 1739 inde
873 1666 1076 1758 exemerim,
1089 1688 1156 1766 ego

290 1818 351 1890 pro
370 1811 403 1866 re
418 1795 553 1865 molam.
880 1828 886 1843 ··
1106 1817 1153 1887 30

142 1933 144 1937 '
189 1919 282 2013 Quid
298 1927 311 1991 ?
327 1919 393 1992 hoc
408 1917 634 1990 intellexrin’i
661 1941 701 1987 an
727 1911 878 1985 nondum
903 1912 1002 1986 etiam
1019 1941 1062 1988 ne
1085 1916 1154 1989 hoc

287 2041 422 2141 quidem
437 2045 451 2115 i
469 2042 520 2115 D.
535 2042 641 2114 immo
656 2037 792 2134 callide:

188 2166 235 2237 lta
246 2188 357 2264 aperte
375 2167 478 2265 ipsam
490 2188 561 2240 rem
574 2164 680 2237 modo
696 2163 848 2253 locutus,
860 2161 940 2235 nihil
954 2163 1152 2238 circuitione

380 2292 456 2364 usus
478 2316 523 2363 ες.

188 2392 238 2487 li.
257 2411 380 2489 Ubivis
399 2410 525 2487 facilius
538 2409 645 2511 passus
657 2406 741 2501 sim,
762 2434 862 2508 quam
886 2370 1075 2503 inhaere,
1098 2420 1154 2486 me

378 2537 538 2609 deludier.
901 2534 907 2541 ’

187 2659 240 2732 D.
258 2658 350 2731 Bona
372 2659 477 2729 verba
495 2659 615 2755 quaeso
631 2676 658 2731 4.
682 2667 731 2733 Si.
746 2660 888 2734 irrides?
915 2661 997 2733 nihil
1018 2686 1071 2735 me
1093 2657 1153 2733 sal·

378 2782 428 2855 lis.
444 2794 455 2841 5
474 2779 530 2854 sed
541 2782 621 2852 dico
633 2784 718 2870 ribi,

181 2975 342 3037 tarditatem
355 2972 500 3051 servilem,
514 2972 645 3057 simulque
702 2977 765 3038 edd.
786 2997 855 3042 vett.
884 2982 1017 3062 ostendere.
1052 2946 1153 3042 Probat

183 3083 274 3145 forsan
296 3081 489 3165 spellatoribus
512 3080 639 3142 deriden—
700 3080 841 3147 Westerh.

185 3187 254 3247 dum
274 3189 388 3269 praebet
408 3190 521 3260 henim,
539 3208 642 3270 quem,
744 3210 758 3273 3
780 3195 847 3274 Lege
857 3193 893 3252 ad
907 3195 1046 3253 homines:
1058 3193 1154 3254 Omine

187 3293 226 3351 uri
245 3286 374 3352 Donatus
394 3308 474 3353 acute
491 3294 639 3369 observat,
697 3298 809 3358 adrem
832 3300 890 3362 div.
917 3299 1047 3370 refertur,
1066 3300 1098 3358 δι
1113 3296 1152 3359 est

184 3395 316 3479 Sphingi,
332 3396 473 3472 monstro,
489 3404 569 3462 tacite
587 3425 638 3464 ae·
696 3402 916 3477 firmamentum,
928 3427 976 3487 per
986 3404 1105 3464 humana
1120 3404 1153 3465 δι
1169 3426 1172 3431 ·

96 3542 122 3567 a.
184 3509 317 3589 quiparat.
339 3508 423 3569 Plaut.
440 3506 523 3570 Poen.
546 3531 577 3586 1,
603 3532 637 3592 3,
696 3514 800 3576 divina.
1174 3498 1177 3507 .

184 3632 231 3695 34
267 3617 342 3676 Nam
365 3617 406 3699 isti
427 3618 529 3697 quidem
554 3619 636 3679 hercle
736 3645 757 3694 4
786 3623 815 3697 ll.
838 3644 861 3683 e.
883 3624 995 3685 meliora
1022 3625 1152 3707 loqume,

174 3725 298 3784 —orarioni
319 3727 422 3800 Oedipo
441 3748 509 3807 opus
523 3727 557 3807 esl
571 3749 637 3786 cort-
696 3751 766 3812 rogo
781 3748 819 3790 te.
843 3730 919 3793 Cum
946 3707 1021 3814 gestu
1041 3731 1151 3803 ioculari

180 3827 293 3900 ieslore,
316 3831 362 3909 qui
378 3831 493 3913 Sphingi
514 3835 640 3916 interpres
698 3835 771 3897 elicit.
966 3880 970 3889 ,

179 3931 250 4015 filit.
741 3940 976 4022 5Sedsuspet‘lum
988 3938 1152 4002 westerho-

231 4054 243 4094 1
264 4031 510 4112 Comminatio‚&
525 4038 560 4099 stc
572 4062 641 4121 pro·
698 4044 763 4116 vio,
781 4046 828 4123 qui
848 4047 950 4103 literam
969 4050 990 4104 S
1011 4045 1153 4122 repetitam
1208 4032 1216 4047 ⁰

183 4145 343 4216 nuntiatur,
358 4163 387 4204 ur
409 4147 437 4204 in
455 4144 561 4228 singulis
575 4168 640 4208 ver·
699 4167 777 4230 putat
796 4148 1153 4233 ,upraeced.fltllis‚s)ve·

182 4250 226 4313 bis
240 4251 353 4313 ardeant
370 4254 468 4317 minae.
697 4277 731 4315 ro
745 4277 778 4314 ex
794 4255 847 4336 seq.
866 4255 945 4324 dico,
968 4251 1092 4332 adeoque
1111 4251 1151 4310 le·

233 4330 252 4420 ι’
273 4357 400 4441 Quium
415 4360 482 4422 run
499 4361 587 4445 script.
606 4362 638 4427 u
699 4359 1078 4515 gantumutrrs,lfrrc011it
1093 4359 1152 4423 uc.
