2809 5234
538 803 858 878 uacuam
1119 794 1189 887 am

223 971 311 1066 Non,
333 966 471 1067 possum
496 962 677 1039 advorsari
694 963 792 1035 meis.
814 968 851 1037 L.
879 962 961 1036 hem
982 958 1132 1038 Sostrata
1151 957 1191 1032 ¹!

419 1095 459 1166 S.
481 1093 552 1163 heu
569 1114 624 1161 me
642 1087 802 1162 miseram
820 1085 857 1161 ²!

175 1306 178 1314 .
221 1239 261 1310 L.
292 1235 483 1308 Certumne
518 1233 574 1307 est
595 1231 681 1308 istuc
701 1241 737 1308 ³?
764 1237 810 1306 P.
843 1257 935 1305 nunc
960 1231 1124 1329 quidem,
1151 1249 1192 1306 ut

420 1359 571 1435 videtur.
592 1355 651 1430 sed
670 1353 849 1455 numquid'
868 1351 922 1425 vis
938 1351 985 1420 ⁴?
1147 1375 1193 1443 30

222 1503 313 1580 Nam
337 1505 414 1601 est,
433 1507 532 1605 quod
551 1528 607 1576 me
627 1502 769 1576 tranfire
793 1502 837 1575 ad
856 1498 975 1572 sorum
995 1495 1064 1568 iam
1084 1518 1196 1592 opor·
1301 1511 1303 1514 ·

418 1648 481 1704 ret.
506 1635 545 1704 L.
569 1651 614 1700 eo
639 1643 757 1700 tecum
782 1649 862 1698 una.
1065 1615 1067 1618 ’

340 1847 546 1919 ACTUS
588 1843 659 1915 11.
706 1839 918 1919 SCENA
973 1837 1078 1910 111³

531 2040 876 2115 SOSTRATA.

222 2143 455 2339 AEdepol
478 2265 542 2312 nae
564 2249 664 2312 nos‘
693 2223 811 2310 sumus
830 2235 949 2336 inique
974 2262 1084 2337 aeque
1116 2261 1195 2352 om·
1238 2202 1242 2215 Ι

423 2388 483 2435 nes
510 2361 641 2437 invisae
664 2366 774 2456 viris,

218 2509 368 2602 Propter
384 2530 510 2604 paucas
527 2531 542 2575 7
558 2532 567 2576 ε
595 2530 686 2604 quae
699 2531 824 2580 omnes
840 2505 993 2597 faciunt,
1008 2508 1130 2607 dignae
1152 2527 1193 2583 ut
1261 2482 1264 2487 ’

418 2625 601 2700 videamur
627 2626 735 2699 malo,
762 2704 764 2712 ¹

220 2782 336 2874 Nam,
360 2781 409 2854 ita
430 2804 486 2852 me
512 2779 560 2852 dii
581 2779 722 2870 am‘ent,
746 2778 845 2878 quod
863 2805 921 2852 me
945 2781 1081 2858 accusat
1098 2811 1192 2868 nunc

415 2904 503 2997 vir,
533 2904 640 2980 sum⁸
666 2923 765 2978 extra
795 2905 951 2980 noxiam.

217 3144 260 3230 sq.
282 3145 474 3218 consessione,
487 3154 515 3205 &
534 3144 569 3207 src
581 3148 663 3210 srmul
788 3174 808 3223 4
822 3145 963 3209 Formula
977 3147 1151 3211 abeuntium.

215 3252 366 3332 praevenit
389 3249 545 3311 Lachetem
558 3297 569 3323 ,
581 3275 617 3313 ne
638 3255 665 3315 is
791 3274 805 3328 5
825 3252 897 3312 Sost.
915 3248 987 3311 salso
1005 3249 1150 3330 suspaesta,
1164 3256 1191 3313 ei

215 3358 310 3417 denuo
319 3357 428 3438 poscat,
440 3378 563 3441 utcogar
572 3358 661 3420 filiam
720 3385 727 3398 ·
744 3361 786 3420 rei
802 3357 920 3430 dolens,
932 3359 973 3418 ita
988 3355 1082 3416 secum
1092 3357 1190 3444 loqui·

214 3462 356 3543 imperata
370 3461 470 3524 facere.
744 3483 806 3536 tur,
822 3481 852 3522 ut
863 3463 968 3522 exeius
979 3462 1111 3522 oratione
1124 3463 1188 3546 pla-

259 3595 272 3633 ι
302 3575 387 3636 Redit
415 3575 498 3636 senex
512 3578 613 3637 iratior
626 3578 658 3635 in
743 3575 1187 3662 ceanrmoreseiusanimusque

215 3695 357 3749 uxorem,
378 3677 490 3759 sgnum
518 3680 579 3737 odii
607 3679 664 3735 hoc
746 3679 835 3736 mitis.

215 3794 325 3833 novum
343 3772 398 3834 esse
413 3778 540 3838 credens.
784 3790 800 3838 6
830 3784 885 3841 int.
919 3780 1053 3847 mulieres
1076 3808 1184 3873 eaeque

266 3904 282 3940 ι
305 3882 503 3953 Iniuriarum,
529 3880 661 3943 adversus
744 3883 849 3945 socrus.

213 4009 284 4073 quas
298 3987 325 4048 se
339 3989 411 4048 tueri
423 3990 510 4070 copia
526 3970 587 4048 nou
602 3991 659 4063 est,
785 4015 801 4063 7
824 3968 869 4054 Cf.
881 3994 981 4077 Eurip.
997 3997 1068 4057 Ione
1081 4022 1107 4057 v.
1124 4019 1181 4074 399

211 4088 281 4158 sessa
295 4096 442 4158 exclamat.
743 4098 879 4162 Creusam
900 4101 1028 4163 suniliter
1057 4121 1181 4185 queren-

255 4223 268 4279 3
281 4201 327 4261 Te
342 4224 404 4262 nou
417 4221 520 4286 cogere
530 4199 616 4274 velle,
627 4220 657 4262 ut
741 4223 809 4264 tem.

211 4309 319 4376 tedeat.
782 4317 799 4372 8
818 4315 1061 4398 Quod-firmum.
1076 4315 1107 4378 in
1118 4341 1164 4383 eo.
1263 4358 1265 4363 ·
