2809 5234
104 906 132 969 ·:
169 878 184 893 ··
230 798 240 821 ⁴
296 813 1003 963 Haau'routruronumuu'os.
1079 864 1153 962 287

109 1000 113 1009 .
139 1058 143 1065 ·
198 1034 415 1120 Menedeme,
430 1056 499 1103 non
513 1030 582 1104 sum
598 1031 686 1128 apud
699 1055 763 1101 me.
786 1032 836 1100 M.
850 1049 925 1098 tene
939 1027 1018 1097 istuc
1033 1027 1152 1123 loqui?
1281 1124 1285 1131 Ι

122 1186 129 1197 ·
197 1158 320 1228 Nonne
335 1157 368 1227 id
382 1153 540 1251 flagitium
562 1153 608 1225 est
628 1169 635 1200 ¹
655 1160 715 1225 ?te
730 1151 799 1223 aliis
817 1147 987 1223 confilium
1011 1149 1104 1238 dare,

144 1264 146 1269 ¹
188 1280 289 1352 Foris
309 1280 444 1374 sapere,
461 1277 523 1350 tibi
544 1300 613 1348 non
636 1275 728 1374 posse
745 1299 778 1349 te
793 1271 1000 1345 auxiliarieri
1109 1296 1172 1369 50,

199 1406 236 1474 C.
258 1401 352 1496 Quid
377 1399 522 1472 faciam?
551 1401 603 1476 M.
626 1400 682 1489 id,
710 1399 804 1497 quod
834 1422 889 1469 me
913 1393 1022 1470 secisse
1044 1394 1153 1469 aiebas

258 1597 261 1602 ,
363 1519 537 1620 parum²‚

195 1664 279 1749 Fac,
297 1678 331 1733 te
356 1680 481 1757 patrem
506 1661 573 1734 effe
593 1658 728 1734 sentiat:
751 1658 825 1746 sac,
845 1673 881 1730 ut
900 1657 1017 1730 audeat

194 1785 273 1855 Tibi
287 1785 419 1857 credere
433 1786 561 1875 omnia,
577 1776 679 1857 abste
698 1801 833 1879 petere,
847 1801 879 1853 et
893 1779 1027 1878 poscere
1041 1833 1052 1870 ,

195 1909 362 2005 Nequam
383 1908 478 1980 aliam
498 1926 629 2007 quaerat
648 1906 787 2003 copiam
800 1921 811 1970 ³
824 1960 836 1996 ,
848 1931 886 1978 ac
899 1924 931 1977 te
951 1902 1083 1978 deserat.

194 2033 227 2103 C.
253 2036 361 2102 Immo
378 2033 471 2105 abeat
486 2049 503 2093 4
520 2033 627 2105 musto
647 2031 736 2102 malo
756 2028 877 2126 quovis
899 2029 1064 2125 gentium,
1092 2046 1147 2123 v55

193 2158 302 2246 Quam
317 2156 371 2229 hic
386 2181 444 2252 per
459 2153 618 2255 flagitium
637 2153 678 2225 ad
693 2152 840 2248 inopiam
862 2152 986 2249 redigat
1003 2170 1151 2247 patrem:
1180 2181 1181 2184 ¹

195 2280 280 2351 Nam
296 2280 320 2351 sr
338 2279 410 2350 silli
424 2303 530 2377 pergo
541 2277 748 2375 suppeditare
765 2275 971 2373 sumptibus,
1199 2260 1203 2267 ¹

239 2543 250 2580 r
270 2523 298 2582 h.
310 2545 335 2584 e.
344 2544 434 2584 nonne
448 2541 476 2586 te
484 2524 584 2607 pudere
593 2525 643 2587 de·

195 2625 266 2687 beat.
285 2627 458 2689 inhumanius
465 2646 557 2691 tamen
566 2649 640 2692 trac-

193 2750 232 2793 tat
252 2736 358 2807 virum,
373 2737 419 2817 qui
431 2736 525 2797 melius
542 2737 576 2797 de
596 2741 643 2819 ip·

193 2841 223 2901 so
241 2844 351 2903 meritus
367 2860 432 2906 erat.
461 2840 516 2904 Sed
532 2842 571 2904 est
589 2865 644 2906 ve·

193 2947 366 3036 hernentioris
387 2952 485 3035 ingenii
506 2950 641 3014 Menede-

188 3077 261 3120 mata.

234 3184 251 3222 2
269 3163 328 3223 sam
343 3163 520 3227 Chremetem
533 3167 585 3228 suis
596 3171 640 3248 ip·

146 3262 148 3266 ’
194 3265 245 3327 srus
261 3269 336 3329 dietis
357 3273 487 3336 revincet.
510 3273 546 3337 cf.
563 3273 642 3356 supra

190 3373 226 3448 l,
245 3394 278 3446 ι,
296 3396 349 3458 ¹⁰3
366 3376 423 3461 sqq.

236 3500 250 3561 3
267 3483 314 3545 int.
332 3501 362 3546 ut
381 3485 455 3549 suam
476 3489 592 3551 abducat
610 3512 641 3551 a·

192 3582 326 3672 beatque}
335 3593 371 3656 cs.
381 3595 464 3657 Plaut.
473 3595 532 3657 Mu
542 3597 600 3669 111,
613 3617 639 3671 r,

195 3714 259 3772 174.

232 3821 252 3870 4
267 3798 335 3857 Chr.
346 3822 410 3877 prae
424 3803 564 3875 iracundia
581 3802 642 3862 nes·

193 3904 231 3962 cit
247 3923 316 3983 quae
331 3902 411 3962 dicat.
425 3903 485 3968 ,Est
501 3926 570 3965 vero
588 3907 643 3966 hoc

191 4012 279 4092 magis
296 4008 334 4069 sui
354 4011 489 4091 impotens
496 4053 506 4081 ,
526 4031 582 4090 quo
602 4029 640 4071 te-

702 2547 738 2588 ex
756 2523 814 2586 teu.
832 2545 892 2585 var.
907 2545 990 2600 eam,
1007 2545 1077 2606 quae
1094 2542 1149 2582 nu-

699 2653 776 2695 mero
793 2631 873 2693 MSS.
889 2633 950 2694 edd.
960 2630 1036 2715 prisc.
1048 2632 1149 2711 vincit,

702 2742 734 2801 ὅ(
754 2741 822 2801 redit
841 2740 909 2802 Hec.
927 2741 956 2813 l,
981 2762 1017 2813 2,
1040 2757 1084 2818 35.
1102 2737 1149 2798 ΑΙ.
1230 2768 1237 2773 ·

698 2850 792 2927 potius
802 2847 891 2920 malo,·
907 2847 940 2906 al.
953 2847 1045 2928 potius
1055 2845 1147 2902 multu.

701 2951 836 3015 Construe
854 2974 923 3013 vero
943 2952 1151 3012 mala-abeat·-

577 3114 582 3124 .
609 3087 612 3093 ·
705 3061 917 3142 quamaredigur.

745 3189 758 3250 5
777 3167 857 3229 Cave
876 3190 939 3227 curn
955 3167 1042 3229 Benrl.
1058 3165 1152 3225 rescri-

700 3276 750 3336 bas
763 3275 857 3348 illius,
873 3257 918 3333 aur
935 3296 998 3335 cum
1012 3272 1151 3333 Westerh.

699 3385 825 3443 coniicias
847 3383 913 3444 illis.
933 3382 1102 3464 Suppeditare
1118 3402 1149 3441 e·

701 3492 760 3551 nim
771 3491 889 3572 sumptui
906 3489 1038 3563 alicuius,
1055 3486 1094 3548 est
1111 3489 1149 3548 is·

700 3598 753 3680 lura
761 3597 869 3655 tolerare
876 3596 946 3679 poffc
956 3622 965 3671 3
977 3597 1052 3677 quod
1063 3595 1150 3660 Chre·
1218 3590 1227 3605 i

700 3702 884 3782 mesnegat.N
886 3722 954 3782 eque
960 3703 1077 3762 insolens
1086 3725 1151 3764 con-

701 3803 809 3863 strudsio
818 3802 965 3867 verborum
970 3810 1150 3890 suppeditare,

699 3911 819 3989 praebere
824 3893 904 3981 ,cuin
913 3935 1005 3994 praep.
1012 3916 1151 3995 in‚quam

700 4015 920 4095 praeponendam
939 4020 1076 4080 censemus
1094 4040 1151 4078 vo-

192 4245 288 4285 uarum
299 4224 406 4287 suarum
417 4243 548 4287 metuens.
561 4223 642 4287 Prae·
695 4226 845 4310 sumptibus
856 4228 931 4288 idem
937 4210 984 4297 tir,
992 4248 1024 4287 ac
1035 4229 1150 4308 adsum·

193 4331 303 4395 ferinus
318 4354 409 4398 autem
423 4357 487 4397 curn
501 4335 643 4401 western

698 4352 766 4424 ptus
785 4325 932 4399 faciendus.
