2809 5234
181 584 194 599 ,4
252 572 255 581 ¹
275 576 279 591 ι

412 889 847 967 'ADELPHL
952 850 956 857 ’
1097 892 1144 984 ⁶7

179 1056 359 1131 Praeterea
372 1071 488 1128 autem
502 1108 514 1143 ‚
530 1053 615 1126 dum
629 1052 729 1123 illum
743 1071 876 1148 quaero
890 1101 903 1137 ,
918 1045 1036 1132 aville
1054 1074 1145 1124 mer·

388 1177 565 1253 cerarium

179 1303 283 1374 vidi:
296 1301 442 1375 iefilium
454 1318 554 1397 negat
565 1296 712 1372 effe-ruri
725 1320 733 1366 τ
748 1321 826 1384 nec,
840 1299 924 1395 quid
936 1321 1047 1394 agam,
1057 1296 1145 1373 scio.¹

182 1423 223 1492 C.
239 1423 336 1518 Syre.
350 1423 390 1491 S.
405 1419 489 1519 quid
505 1416 580 1488 est?
591 1421 626 1490 C.
639 1416 731 1488 men’
744 1419 902 1514 quaerit?
914 1423 951 1489 S.
973 1442 1096 1489 verum
1117 1436 1144 1495 ¹.

303 1562 305 1567 ’
378 1542 418 1612 C.
437 1539 537 1635 perii.
557 1541 597 1610 S.
619 1535 704 1634 quin
717 1553 757 1608 tu
773 1536 891 1608 animo
913 1538 1011 1609 bono
1031 1562 1078 1611 es.

160 1663 232 1766 sD..
254 1663 351 1757 Quid
372 1664 441 1762 hoe
455 1717 468 1752 ‚
483 1660 636 1752 malum,
654 1660 887 1736 infelicitatis?
901 1690 1040 1765 nequeo
1061 1665 1142 1741 satie

373 1781 586 1860 decernere:
608 1825 613 1835 ·
1121 1810 1145 1888 ς’

176 1925 248 2000 Nifi
263 1949 320 1997 me
343 1925 450 1999 credo
477 1922 561 1997 huic
582 1921 650 1996 effe
669 1941 790 1996 natum
811 1925 875 2014 rei,
900 1923 1053 1999 ferundis
1075 1926 1146 1998 mi·

377 2050 507 2150 1ἐτὶἱ3.Ι
580 2080 590 2090 ·

177 2197 308 2271 Primus
337 2195 449 2268 sentio
473 2191 562 2266 mala
580 2188 722 2266 nostra:
740 2189 872 2288 primus
892 2191 1037 2271 reseisco
1062 2209 1144 2280 orn-j

374 2344 461 2395 nra:

176 2466 310 2540 Primus
330 2488 441 2559 porro
454 2461 629 2535 obnuntio
645 2486 655 2532 r
675 2487 777 2562 aegre
793 2463 886 2540 solus
902 2465 954 2558 ,si
976 2468 1060 2567 quid
1074 2468 1145 2562 fit,·

388 2580 477 2652 fero,
969 2592 971 2596 ’

175 2736 214 2804 S.
235 2698 348 2803 Riieo
363 2729 456 2804 hune
472 2754 482 2799 z
499 2730 648 2828 primum
664 2731 713 2805 ait
728 2731 763 2806 se
783 2732 869 2809 scire
885 2762 894 2808 ε
909 2735 937 2810 is
952 2736 1045 2815 solus
1067 2741 1143 2827 resq
1260 2795 1263 2802 -

372 2877 420 2931 cit
449 2880 579 2931 omma.

163 3005 226 3104 ¹12.
242 3002 344 3076 Nunc
370 3001 502 3073 redeo:
524 3000 549 3072 sr
574 2997 667 3074 forte
684 2998 795 3077 >frater
814 3003 982 3097 redierit,
1006 3005 1093 3080 viso.
1113 3026 1141 3083 ².·

373 3122 412 3191 C.
439 3123 527 3217 Syre
1094 3153 1138 3199 10

172 3263 328 3350 Obsecro
343 3319 358 3355 ,
372 3264 455 3339 vide
483 3289 528 3336 ne
554 3265 613 3338 ille
638 3266 708 3343 huc
733 3267 872 3366 prorsus
893 3266 926 3343 se
946 3269 1065 3348 irruat.
1097 3279 1136 3349 S.

371 3388 475 3461 etiam
503 3390 622 3463 taces?

168 3671 236 3735 gere
256 3653 335 3713 intro
360 3648 473 3713 iusserat
497 3648 610 3726 servus,
693 3652 832 3739 greditut.

167 3757 250 3812 restat
266 3756 297 3810 in
310 3750 375 3832 ipso
394 3753 472 3813 aditu
483 3754 607 3829 forium,
735 3780 747 3819 1
763 3766 858 3822 Verum
867 3759 1112 3834 admffirmanris.

166 3855 271 3914 iterum
286 3853 479 3913 obsecraturus
488 3854 608 3934 Syrum,
733 3883 749 3919 2
765 3863 833 3941 Qua
851 3886 922 3925 voce
943 3871 1039 3932 audita
1057 3869 1133 3935 Cres.

165 3982 198 4023 ut
216 3980 330 4034 caveat,
356 3981 392 4018 ne
410 3978 491 4039 pater
513 3959 610 4020 irruat.
692 3963 792 4024 misere
808 3973 956 4034 exterritus
971 3975 1062 4034 rursus
1075 3978 1134 4033 im·

164 4068 230 4152 Syr.
252 4088 320 4127 vero
342 4088 437 4149 prope
457 4063 520 4124 illas
532 4067 608 4124 stans
690 4067 795 4151 plorat,
823 4073 949 4156 Syrum-5
978 4077 1024 4137 sed
1054 4077 1133 4159 quod

164 4178 318 4259 opperitur
339 4176 491 4235 adventum
513 4169 586 4231 senis
598 4218 608 4246 ,
691 4176 772 4255 prius
783 4173 872 4237 facere
880 4181 976 4258 potuit
984 4224 993 4252 ,
1006 4177 1133 4259 fugasibi

165 4285 217 4366 qui
230 4284 342 4356 denuo,
354 4289 381 4343 δι
395 4283 453 4340 iam
462 4280 608 4362 magisiu·
690 4279 839 4342 consulere
850 4326 860 4357 ‚
872 4284 1037 4343 tutiffimum
1046 4302 1132 4359 ratus,

165 4408 198 4448 re
220 4386 269 4451 suo
288 4410 410 4475 querens
429 4391 539 4453 stenam
557 4388 610 4448 in·.
1082 4388 1091 4421 ⁸

907 4462 995 4587 Ee
