2809 5234
398 880 400 884 ,
508 800 871 873 ADELPHI.
1115 823 1183 895 117

214 962 281 1039 Hic
300 961 437 1038 curavit
460 983 471 1032 t
495 959 655 1058 prodesse
677 983 828 1059 aequom
853 957 924 1033 est:
943 960 1002 1035 alii
1024 960 1187 1036 meliores

414 1102 515 1157 erunt
534 1103 571 1156 ¹:
735 1070 741 1089 ‘

213 1201 379 1300 Denique
400 1201 456 1274 hic
472 1201 552 1275 volt
569 1199 657 1275 fieri.
679 1205 732 1275 M.
755 1200 829 1276 vin’
850 1217 890 1275 tu
906 1201 976 1277 hoc
997 1201 1095 1280 fieri?
1124 1209 1188 1281 Ae.
1219 1285 1222 1291 ,

413 1322 530 1420 cupio.
549 1328 602 1395 M.
625 1321 793 1422 fiquidem

214 1447 275 1529 ,Tu
293 1446 348 1524 vis
365 1500 378 1539 ‚
394 1449 505 1544 Syre,
525 1444 593 1516 eho
610 1444 738 1516 accede
757 1445 827 1517 huc
844 1443 889 1517 ad
906 1469 962 1518 me
975 1499 987 1537 ‚
1002 1446 1091 1518 liber
1104 1446 1188 1523 esto.

412 1576 450 1647 S.
471 1569 560 1643 bene
580 1565 687 1655 facis:

216 1693 394 1769 Omnibus
418 1673 566 1793 ¹gratiam
586 1691 699 1764 habeo
713 1717 726 1779 3
742 1710 778 1764 et
798 1688 951 1767 seorsum
972 1693 1037 1768 tibi
1055 1714 1193 1792 praete-

406 1838 491 1904 rea,
515 1813 666 1900 Demea,

214 1937 270 2012 Ἰ).
281 1937 440 2011 Gaudeo.
454 1940 519 2010 Ae.
538 1952 573 2007 et
592 1957 672 2030 ego.
688 1937 719 2003 S.
736 1933 855 2007 credo.
870 1934 1003 2007 utinam
1018 1934 1088 2010 ho‘e
1117 1961 1193 2035 per·

406 2077 554 2159 petuum
567 2076 591 2121 ².
611 2054 672 2128 fiat
691 2056 880 2153 gaudium,
1142 2082 1183 2160 ¹5

216 2208 403 2310 Phrygiam
428 2225 467 2279 ut
490 2227 639 2278 uxorem
662 2227 775 2275 meam
798 2227 868 2276 una
894 2226 1030 2278 mecum
1053 2204 1192 2282 videam

415 2329 572 2402 liberam.

219 2453 273 2528 ¹12.
288 2454 483 2549 Optumam
497 2448 639 2549 qrpidem
653 2447 848 2523 mulierem.
868 2453 906 2523 S.
922 2465 958 2521 et
974 2447 1114 2547 quidem
1128 2469 1195 2526 tuo

416 2558 565 2668 nepoti,
583 2571 685 2644 huius
710 2569 809 2662 filio,

219 2721 337 2799 Hodie
356 2720 502 2821 primam
523 2745 706 2793 mammam
727 2688 823 2794 dedit
845 2722 930 2796 haec
949 2742 973 2795 ³.
999 2727 1052 2796 D.
1079 2723 1195 2802 hercle

419 2869 508 2922 vero
536 2842 654 2936 serio,

220 3003 256 3076 si
271 2999 411 3101 quidem
425 3001 571 3096 primam
589 2998 710 3091 dedit,
736 2999 827 3072 haud
850 2998 995 3074 dubium
1012 3001 1082 3093 est,
1106 3006 1193 3103 quin

410 3124 523 3196 emitti
554 3149 706 3222 aequom
736 3124 808 3199 siet.

222 3268 276 3346 M.
300 3270 359 3345 Ob
385 3296 460 3378 eam
485 3275 586 3345 rem?
611 3277 663 3348 D.
689 3275 738 3348 ob
759 3300 835 3348 eam
860 3303 870 3350 t
895 3277 1073 3376 postremo
1094 3303 1115 3352 a
1133 3284 1190 3352 me

417 3416 620 3497 argentum,
639 3399 763 3500 quanti
789 3400 837 3473 est
849 3455 864 3492 ‚
891 3399 1018 3474 sumito
1036 3414 1064 3476 ⁴.
1146 3427 1193 3478 ιο

261 3684 280 3730 ἰ
297 3673 404 3732 Itonia.
425 3674 525 3757 Itaque
541 3695 665 3754 promo-
749 3679 1123 3743 ducianutricibuslr‘beris.
1136 3681 1193 3743 Sed
1227 3725 1229 3729 ι

224 3793 322 3835 veatur
337 3776 424 3856 Syrus
433 3796 480 3848 ‚ut
491 3799 666 3843 amoveatur.
750 3807 823 3867 quae
852 3789 975 3868 primam
999 3792 1076 3850 dedit
1102 3814 1194 3850 mam-

221 3879 344 3943 sensere
352 3883 383 3942 id
391 3879 508 3967 quoque
525 3882 667 3946 Aesch.&
751 3911 844 3964 marn,
864 3893 931 3950 ideo
955 3916 1015 3953 non
1028 3894 1121 3953 futura
1135 3911 1194 3953 emt

225 3990 336 4067 Micio,
353 3999 381 4052 ει
398 3985 549 4062 assensere,
563 4009 591 4050 ur
603 4010 669 4072 gra·
751 3995 855 4054 nutrix.
886 3995 985 4081 Itaque
1000 3997 1086 4056 Dem.
1101 3995 1132 4052 id
1147 3996 1193 4053 ἰο-

226 4113 288 4158 rum
302 4096 424 4157 facerent
443 4098 580 4158 Demeae.
751 4094 815 4157 cose
826 4118 943 4178 repetet.
953 4100 1193 4159 Emittendavero

267 4221 284 4259 2
307 4199 327 4260 ss
342 4198 480 4274 solidum,
492 4202 646 4282 integrum.
752 4201 897 4260 ridebatur
910 4203 1036 4261 Demeae
1046 4222 1110 4260 cum
1119 4205 1191 4267 viro.

268 4324 283 4386 ς
307 4307 452 4386 Dedebae,
470 4310 613 4392 ingenuos
634 4331 667 4371 e·
791 4333 812 4383 4
825 4307 869 4369 En
882 4306 1058 4367 occasionem
1067 4307 1192 4375 oblatam

959 4385 1032 4481 Ha
