2809 5234
312 714 386 791 ²70
580 694 621 771 P.
669 696 1066 779 Teanum

311 852 490 955 Agitarem
510 856 603 933 inter
624 882 691 934 vos
720 860 829 941 libere
849 873 860 907 ¹
882 864 1123 941 conviviumt

312 980 403 1055 Nam
425 979 506 1054 illi²
528 982 621 1057 haud
638 982 789 1079 licebat,
804 986 865 1062 nist
885 989 1071 1087 praefinito
1091 1013 1118 1086 ⁵,
1139 994 1257 1096 loqui

314 1100 418 1195 Quae
434 1101 486 1176 illi
506 1102 695 1201 placerent.
709 1108 773 1203 Pa.
787 1106 881 1182 haud
891 1110 1021 1207 opinor
1030 1116 1235 1189 commode
1257 1140 1304 1193 ao

315 1226 434 1300 Finem
457 1226 607 1304 statuille
631 1230 786 1307 orationi
805 1232 952 1307 militem
969 1252 997 1301 ⁴.

315 1348 382 1423 ΡΙι.
404 1349 471 1423 Sed
495 1348 580 1450 quid
602 1351 672 1426 hoc
693 1354 815 1452 negoti
834 1353 883 1428 est
902 1373 914 1417 τ
932 1356 950 1429 2
970 1355 1079 1429 modo
1095 1358 1204 1457 quod
1221 1384 1304 1433 nat·

505 1475 559 1549 vit
591 1475 679 1549 mihi

317 1601 384 1677 Hic
400 1603 493 1676 intus
511 1601 678 1677 Bacchis?
692 1603 791 1703 quod
811 1626 879 1703 ego
900 1627 1078 1703 nunquam
1101 1605 1247 1680 credidi

318 1733 429 1818 Fore,
447 1747 487 1800 ut
504 1725 564 1803 ille
580 1727 644 1801 hac
666 1726 751 1802 viia
775 1723 888 1825 pollet
906 1726 1062 1798 animum
1081 1726 1280 1819 inducere,

253 1830 270 1845 ’
318 1851 478 1925 Uxorem
503 1851 642 1928 habete.
671 1852 741 1926 Pa.
765 1850 893 1933 habete
911 1866 1027 1923 autem
1046 1850 1085 1919 ⁶?
1106 1852 1173 1922 Ph.
1197 1851 1295 1941 eho,

516 1994 556 2049 tu
563 2032 577 2066 ,
597 2002 642 2049 an
671 2001 746 2050 non
764 1973 897 2049 habeti
1255 1988 1294 2065 25

318 2105 389 2179 Pa.
404 2103 540 2191 Habet;
560 2100 620 2177 sed
636 2102 756 2178 firmae
775 2104 840 2175 hae
858 2121 989 2177 vereor
1003 2115 1043 2169 ut
1058 2092 1122 2167 lint
1136 2097 1294 2191 nuptiae.

320 2232 384 2304 Ph.
397 2230 448 2304 lta
460 2229 497 2305 di
508 2231 664 2328 deaeque
678 2226 789 2303 faxim
799 2280 813 2321 ,
824 2224 897 2305 oin
911 2248 987 2299 retu
1002 2220 1052 2299 ell
1068 2222 1258 2299 Bacchidis
1271 2240 1296 2294 t.

350 2500 381 2582 ¹t
407 2521 498 2601 Quod
523 2524 646 2586 maxime
676 2521 767 2591 estse
845 2520 998 2607 loquentis
1016 2522 1125 2582 amiate
1145 2541 1181 2580 oe
1209 2542 1297 2583 manu

316 2626 434 2711 struunt
449 2628 599 2709 familiari,
622 2637 668 2718 qui
687 2638 762 2719 estin
844 2634 1022 2697 verberando
1041 2632 1128 2692 finem
1150 2631 1296 2691 orationis

286 2727 291 2740 ⁸
323 2736 641 2817 mmiviisdultiffimus;
656 2740 766 2803 eicit.
845 2739 924 2802 haud
935 2736 1088 2799 commode
1103 2736 1227 2795 statuere
1239 2731 1298 2794 sue·

326 2842 362 2905 ad
380 2841 447 2906 fam.
465 2842 529 2920 IX,
544 2869 592 2923 ²4·
849 2847 932 2911 vetit.
943 2843 1039 2906 Multa
1049 2841 1101 2905 alii
1113 2842 1142 2903 h.
1155 2842 1176 2903 l.
1186 2862 1297 2927 nugan·

367 2976 382 3012 2
400 2954 475 3015 Adi.
489 2976 544 3036 pto
557 2956 624 3016 illie.
851 2944 907 3015 t'ut.

368 3075 382 3135 3
405 3056 481 3118 Adi.
499 3057 522 3117 l.
536 3059 590 3118 int.
607 3059 719 3131 modo,
739 3067 767 3121 δι
892 3079 906 3137 5
926 3058 974 3121 Ab
986 3058 1115 3141 ingratae
1129 3055 1170 3113 tei
1185 3073 1298 3113 meino·

325 3182 392 3242 quae
408 3170 461 3223 &u
479 3162 506 3223 h.
527 3182 553 3221 e.
569 3183 664 3246 neque
679 3184 770 3246 quan·
852 3165 894 3225 ria
903 3163 997 3225 transit
1011 3161 1086 3224 Phil.
1095 3162 1131 3223 ad
1141 3181 1298 3244 argumen-

222 3314 225 3323 .
327 3286 388 3326 ιιιιιι
401 3264 489 3329 velles
501 3310 512 3338 ,
524 3285 617 3349 neque
631 3286 702 3349 quae
713 3265 771 3327 vel·
854 3287 930 3343 tum3
945 3287 974 3327 ut
987 3271 1019 3327 in
1033 3267 1151 3326 Phortn.
1167 3266 1180 3323 I
1194 3311 1204 3340 ,
1225 3288 1260 3338 ι,
1280 3282 1294 3341 3

327 3372 369 3436 les
384 3376 479 3462 loqui.
852 3372 917 3452 quid
929 3371 1006 3452 tristis
1020 3371 1071 3428 es?

369 3508 389 3556 4
409 3481 511 3542 Servus
531 3477 620 3542 facete
641 3480 766 3541 abutitur
892 3489 909 3539 6
934 3476 1179 3538 Pronuntiatione
1202 3476 1300 3535 osten·

330 3588 415 3649 distis
429 3591 463 3648 de
478 3587 569 3650 milite
579 3584 773 3649 inhumanissi·
855 3587 915 3661 dit,
932 3605 1029 3669 prope
1041 3577 1114 3656 elle,
1129 3602 1160 3642 ut
1174 3604 1238 3641 non
1252 3582 1301 3644 ha·

330 3715 396 3766 nno,
416 3716 502 3778 quent
517 3695 636 3770 tulerat,
648 3716 773 3778 eumque
855 3692 929 3757 beat.

329 3799 471 3862 sermonis
487 3807 691 3867 correctorem.
702 3804 772 3866 scil·
896 3801 994 3880 7an
1009 3801 1178 3863 conditione
1197 3794 1304 3882 signifi·

331 3931 397 3972 cum
423 3911 484 3970 eius
505 3913 618 3992 generis
639 3911 775 3973 homines

330 4014 468 4077 facillime
482 4015 598 4076 aterbis
608 4017 642 4077 ad
651 4016 718 4077 lites
727 4037 774 4076 ve·

333 4121 432 4194 nient,
459 4115 514 4199 (cf.
531 4117 604 4178 Eun.
622 4116 688 4189 lV,
709 4120 773 4192 5,8

332 4234 361 4287 lt
380 4235 450 4291 11&
469 4247 485 4300 7
496 4271 506 4301 ,
529 4247 565 4286 aa
589 4222 640 4285 ille
656 4221 775 4284 liberius

857 3929 920 3981 cat,
929 3906 956 3969 se
967 3909 998 3969 id
1009 3928 1070 3967 non
1081 3904 1208 3987 maligne
1220 3925 1307 3985 opta·

855 4034 886 4073 re
900 4059 909 4087 ‚
923 4012 971 4073 sed
990 4014 1028 4072 ob
1047 4011 1307 4086 benevolentiam,

857 4132 943 4198 quant
962 4110 1030 4171 dein
1050 4132 1169 4195 quoque
1187 4112 1309 4175 cutioli·

858 4217 909 4280 tati
927 4217 1100 4299 praetendit.
