2809 5234
378 844 450 919 ¹30
632 822 1112 902 P.TERENTll

489 992 703 1065 ACTUS
752 994 849 1063 III.
898 993 1115 1064 SCENA
1168 992 1254 1068 112.

660 1137 1059 1212 ΑΝΤΙΡΗΟ.Ι

143 1322 149 1339 ’
197 1322 200 1329 ’
372 1230 524 1409 HEri
536 1326 664 1425 aliquot
679 1325 916 1400 adolescentuli
932 1337 947 1373 ²
961 1326 1095 1403 coimus
1113 1327 1150 1403 in
1167 1328 1298 1407 Piraeo

369 1456 408 1528 lu
428 1454 520 1527 hunc
540 1452 632 1526 diem
659 1469 695 1524 ut
720 1451 762 1526 de
792 1450 955 1549 symbolis
978 1450 1130 1527 essemus.
1159 1454 1315 1533 Chaerea

542 1600 575 1649 ei
595 1600 644 1648 ret

367 1699 593 1777 Praefecimus
609 1714 649 1772 ⁴:
676 1697 746 1773 dati
766 1700 901 1777 annuli:
925 1701 1044 1794 locus,
1061 1723 1195 1800 tempus
1217 1704 1315 1780 consl

538 1842 649 1899 turum
666 1823 726 1897 esi.

366 1949 539 2027 Praeteriit
560 1972 714 2047 tempus:
744 1972 815 2048 quo
841 1948 878 2021 in
897 1948 979 2025 loco
1002 1949 1127 2026 dietum
1148 1950 1216 2043 esi,
1242 1980 1315 2053 pan

538 2073 620 2146 nihil
641 2072 699 2147 est.

367 2201 486 2276 Homo
507 2197 579 2297 ipse
595 2198 755 2298 nusquam
776 2198 847 2272 esi:
867 2223 976 2298 neque
994 2198 1085 2287 scio,
1106 2197 1190 2299 quid
1211 2197 1315 2277 dican

542 2341 597 2395 aut
610 2323 693 2429 quid
711 2322 908 2398 conieslem.

367 2449 470 2523 Nunc
505 2446 589 2519 mihi
617 2448 685 2518 hoc
720 2449 837 2547 negoti
867 2449 969 2523 ceteri
1000 2449 1151 2542 dedere,
1183 2467 1222 2522 ut
1247 2450 1315 2526 illu

539 2593 708 2667 quaeram.

409 2752 422 2792 1
452 2726 638 2791 introducitur
666 2730 819 2816 Antipho,
878 2732 961 2796 MSS.
982 2731 1086 2792 habent
1105 2728 1198 2791 casum
1212 2731 1315 2799 sextum

365 2840 409 2899 cui
430 2855 520 2900 narret
543 2836 692 2914 Chaerea,
712 2860 782 2920 quae
798 2862 815 2899 a
875 2841 907 2902 δι
929 2840 1015 2899 finer
1035 2837 1208 2919 superaddito
1224 2842 1315 2907 Piran

364 2949 392 3011 se
416 2947 477 3032 post
502 2948 613 3011 scenam
638 2948 710 3011 salla
736 2947 818 3023 sunt,
878 2947 909 3009 &
921 2964 1011 3007 metro
1024 2944 1171 3005 adversum
1184 2948 1315 3034 quadrisy

363 3080 399 3122 ne
415 3081 484 3122 unus
501 3060 550 3121 diu
569 3060 696 3142 loquatur
709 3059 762 3142 (ur
772 3080 818 3139 ap.
876 3057 979 3117 labum.
997 3055 1115 3117 Iuvenes
1127 3073 1221 3118 autern
1236 3079 1274 3119 ex
1289 3062 1315 3122 iit

362 3167 568 3242 Menandrum,
579 3165 647 3227 telle
661 3165 783 3227 Donato
792 3164 816 3247 ).
875 3164 924 3245 qui
931 3163 1028 3225 Piraeo
1035 3162 1124 3242 portui
1133 3159 1260 3223 custodes
1271 3166 1315 3247 pul

361 3270 397 3334 Et
409 3275 551 3358 speslatori
566 3271 703 3334 narranda
715 3285 814 3341 erant,
874 3270 925 3330 lice
942 3268 1017 3339 dati,
1036 3268 1140 3348 aliquot
1156 3267 1196 3328 ibi
1212 3268 1315 3335 coierut

361 3397 433 3459 quae
444 3400 478 3439 ex
490 3377 578 3439 oculis
591 3373 712 3435 tollenda
728 3372 816 3434 suere.
875 3374 908 3434 &
926 3388 1116 3433 convenerunt
1143 3372 1179 3433 de
1198 3370 1315 3456 symbol

404 3478 817 3564 aSicCodd.plurimi&vulg.
874 3477 912 3539 ad
927 3479 1020 3559 epulas
1039 3478 1174 3561 postridie
1185 3481 1315 3546 ineundas

360 3583 816 3651 Bentl.extribusCodd.coiimus.
916 3608 936 3661 4
952 3585 1060 3647 Donat.
1076 3585 1188 3669 quidem
1202 3594 1315 3671 exponit

401 3713 416 3776 3
435 3692 499 3756 Cic.
519 3695 555 3755 ad
568 3696 628 3757 Art.
640 3678 716 3771 Vll,
735 3713 749 3775 3
768 3714 812 3755 er·
873 3714 1104 3776 runnrcrqxrr
1130 3694 1253 3759 serimus.
1277 3694 1315 3761 Se

359 3823 453 3866 rorem
465 3804 677 3884 grammaticum
692 3800 746 3862 ase
758 3799 812 3861 ad·
870 3817 999 3872 curator,
1024 3821 1061 3860 an
1079 3801 1172 3874 idem,
1187 3802 1233 3882 qui
1246 3823 1315 3886 magi

356 3909 469 3975 millum
486 3907 659 3970 excusaturus
675 3927 813 3991 provocat
867 3909 1015 3993 strrvulgo
1026 3907 1129 3981 dittun
1139 3906 1266 3967 Varroni
1279 3931 1315 3971 rur

92 4080 93 4096 ,
356 4016 395 4078 ad
412 4016 484 4098 hunc
497 4012 630 4087 versum,
649 4015 766 4099 legendo
783 4019 813 4077 in
872 4019 1026 4100 diprrotor5
1040 4012 1158 4077 Horatio
1174 4015 1272 4077 arbitrr
1286 4017 1315 4077 tr·

92 4135 94 4184 l
165 4203 168 4212 Ι
244 4204 247 4210 Ι
356 4121 505 4183 Piraeeum.
526 4120 615 4183 Sedis
630 4121 662 4183 &
675 4123 812 4185 indefen·
875 4126 952 4186 bendr'
964 4150 978 4201 ,·
995 4125 1093 4189 Plauto
1108 4125 1246 4189 dinarorl.
1258 4127 1315 4208 stra

356 4221 432 4286 stone
446 4229 582 4289 memoria
598 4225 685 4310 lapsus
702 4230 813 4303 videtur
878 4248 970 4313 regum
986 4233 1137 4295 Macrobio
1151 4256 1199 4295 rex
1211 4235 1315 4318 mensae

355 4321 585 4407 hodieomnlius.
606 4333 719 4398 Omnes
737 4335 812 4396 enim
874 4335 999 4421 rudeap.
1014 4336 1315 4424 Horatiumregnaeim
