2809 5234
1726 718 1747 727 a

944 973 1822 1071 EUNUCHus
2245 993 2381 1075 ιη

420 1144 716 1221 Tacent:
743 1141 897 1218 satis
919 1142 1208 1216 laudant.
1246 1137 1357 1214 fac
1395 1137 1764 1237 periculum
1790 1137 1864 1210 in
1890 1133 2096 1212 literis
2131 1151 2154 1188 ¹
2178 1192 2230 1231 ‚.

430 1275 558 1346 Fac
589 1271 660 1343 in
691 1266 1004 1369 palaestra
1026 1321 1049 1358 ,
1076 1266 1146 1338 in
1173 1262 1459 1338 muficiS.
1510 1287 1680 1362 quae
1705 1261 1993 1337 liberum*

431 1397 618 1470 Scire
644 1417 934 1494 aequum
959 1391 1057 1466 est
1081 1389 1566 1464 adolescentem
1592 1437 1615 1476 ,
1635 1387 1952 1462 solertem
1976 1385 2176 1463 dabo.
2297 1411 2386 1491 25

437 1524 587 1596 Thr.
617 1525 764 1620 Ego
790 1519 982 1593 illum
1004 1513 1394 1591 eunuchum
1414 1567 1437 1604 ,
1465 1513 1514 1585 fi
1539 1536 1712 1610 opus
1744 1510 1887 1605 fiet,
1909 1513 2024 1590 vel
2051 1513 2308 1590 sobrius
2337 1527 2396 1592 ².

434 1649 565 1721 Pa.
612 1650 833 1744 Atque
874 1643 1037 1717 haec
1075 1639 1194 1739 qui
1231 1637 1406 1711 mifit
1430 1691 1453 1728 ‚
1479 1661 1623 1711 non
1661 1636 1784 1711 fibi
1804 1638 1927 1712 soli
1961 1637 2251 1737 postulat

430 1773 538 1845 Te
565 1769 801 1845 vivere
825 1822 848 1861 ,
888 1784 958 1842 et
991 1764 1105 1841 sua
1145 1763 1339 1838 causa
1386 1761 1654 1835 excludi
1693 1780 1962 1840 ceteros
1995 1779 2071 1837 3:

432 1896 673 1994 Neque
719 1915 977 1992 pugnas
1024 1911 1247 1962 narrat
1267 1941 1293 1977 ,
1338 1913 1561 1987 neque
1599 1887 1946 1964 cicatrices
1980 1889 2122 1966 suas

436 2019 749 2095 Ostentat
767 2045 787 2093 z
808 2041 1025 2116 neque
1041 2013 1169 2089 tibi
1188 2011 1408 2086 obstat
1427 2012 1714 2111 ⁴·:·quod
1744 2015 2015 2111 quidam
2035 2029 2058 2078 ⁵
2090 2014 2269 2092 facit.
2294 2039 2396 2119 30

436 2148 693 2220 Verum
716 2197 740 2235 ,
763 2141 882 2219 ubi
910 2137 1271 2216 molestum
1297 2161 1443 2210 non
1477 2139 1607 2221 erit
1627 2190 1651 2229 ,
1678 2137 1798 2213 ubi
1822 2160 1899 2214 tu
1933 2141 2131 2217 voles
2149 2196 2177 2236 ‚

436 2270 577 2348 Ubi
620 2289 886 2370 tempus
937 2266 1066 2342 erit
1089 2313 1115 2354 ‚
1170 2261 1263 2341 sat
1308 2263 1545 2364 habet,
1592 2263 1640 2336 fi
1679 2282 1821 2338 tum
1870 2264 2213 2364 recipitur.

443 2401 595 2471 Thr.
638 2401 932 2496 Apparet
973 2393 1246 2468 servom
1295 2391 1478 2467 hunc
1522 2390 1656 2464 effe
1695 2390 1956 2466 domini
1992 2393 2348 2495 pauperiS,⁴

325 2546 337 2616 2
431 2523 792 2620 Miserique
823 2518 882 2594 ⁶..
910 2517 1006 2593 G.-
1037 2541 1194 2592 nam
1222 2515 1448 2593 hercle
1471 2540 1680 2592 nemo
1715 2516 1973 2616 poffet,
1999 2518 2092 2592 sat
2126 2517 2313 2612 scio,

440 2644 584 2739 Qui
612 2645 929 2737 haberet,
956 2644 1075 2742 qui
1103 2664 1363 2742 pararet
1390 2642 1598 2718 alium
1625 2695 1649 2734 ,
1675 2642 2134 2742 hunc‘petpeti
2167 2659 2223 2720 7.
2299 2665 2391 2746 35

442 2775 567 2843 Pa.
591 2769 777 2843 Tace
802 2786 923 2842 tu.
946 2791 1146 2867 quem
1176 2792 1311 2866 ego
1334 2767 1467 2844 effe
1482 2766 1658 2843 infra
1682 2767 1956 2843 infimos
1979 2769 2203 2843 omnis
2228 2788 2408 2868 puto

439 2893 817 2970 Homines.
844 2916 1033 2985 nam,
1052 2918 1169 2993 qm
1148 2891 1344 2968 huic
1370 2893 1671 2967 animum
1694 2891 2000 2967 affentari
2024 2893 2404 2970 induxeris
2372 2944 2407 2994 ⁸

439 3022 498 3095 E
541 3019 813 3097 flamma
848 3035 1080 3122 petere
1121 3038 1191 3094 te
1228 3016 1454 3095 cibum
1491 3017 1680 3119 poffe
1723 3017 2017 3096 arbitror
2050 3018 2105 3096 ⁸.
2194 3076 2199 3081 .

536 3326 564 3366 ι
591 3303 854 3369 Ηειεόιᾶ
888 3294 1187 3368 Thaidem.
1526 3302 1926 3390 5Contemtius
1935 3302 2201 3387 praesenti
2212 3303 2409 3369 illudit}

531 3429 567 3469 2
612 3406 824 3492 Enipfis
879 3410 955 3473 rei
1005 3407 1357 3493 turpiffimae.
1556 3409 1597 3471 6
1621 3409 1908 3472 Gloriosus
1923 3409 1986 3469 δι
2001 3407 2181 3470 fatuus
2199 3409 2401 3479 modeq

446 3512 789 3579 convicians
833 3533 1021 3579 autem
1058 3515 1361 3580 militariter
1477 3515 1637 3580 stiam
1660 3520 1719 3577 in
1739 3520 1887 3581 vitio
1914 3519 2094 3601 ponit.

418 3622 754 3706 Eunucho‘,
768 3626 1012 3690 nesciens
1042 3626 1228 3688 laudat
1247 3625 1367 3688 Eu·
1567 3647 1609 3707 7
1635 3624 1856 3689 Thraso
1898 3645 2096 3713 contra
2126 3629 2413 3695 aemulum

442 3731 730 3824 runchum,
764 3734 829 3794 δι
856 3750 1051 3796 coram
1067 3730 1292 3795 Thaide
1312 3732 1369 3796 se
1482 3750 1713 3818 pugnat,
1729 3734 1792 3797 δι
1810 3733 2070 3817 parafitus
2091 3755 2284 3797 contra
2301 3734 2407 3798 ser-

452 3842 672 3912 turpem
708 3833 829 3893 dat.
908 3893 927 3907 ,
1490 3856 1651 3898 vum.

542 3957 573 4021 3
600 3937 881 4000 Modestia
896 3939 1051 4001 dono
1071 3940 1259 4003 addita
1272 3943 1370 4005 he-
1512 3943 1608 4013 ·,8
1632 3943 1806 4007 Prov.
1829 3945 2054 4008 duRum
2074 3947 2180 4008 ab
2165 3949 2250 4018 iis,
2266 3965 2415 4028 quos

454 4069 618 4122 rum,
664 4069 738 4110 ex
777 4046 1015 4109 adverso
1048 4067 1376 4129 comparans
1492 4049 1668 4112 fames
1698 4051 1864 4113 ducat
1893 4052 1965 4114 ad
2008 4052 2269 4136 petendas
2300 4051 2421 4112 daz

450 4178 586 4222 cum
619 4157 843 4218 homine
870 4150 1221 4237 ineptiss'uno,
1250 4155 1373 4218 vic-
1491 4176 1611 4239 pes‚
1632 4172 1774 4241 quae
1789 4180 1895 4242 pro
1915 4157 2117 4220 inferiis
2133 4159 2189 4215 in
2209 4174 2414 4239 rogum

452 4281 636 4326 torem
669 4261 852 4326 efficit.
1489 4264 1893 4340 mittebantur;
1922 4259 2075 4348 quast
2107 4283 2300 4326 canem
2321 4263 2425 4324 dia

536 4394 579 4447 4
612 4373 931 4456 importuna
951 4368 1285 4459 praesentia,
1311 4387 1375 4436 ut
1493 4366 1669 4431 xiss'et.
1702 4367 1908 4432 Catull.
1945 4367 2140 4432 carm.
2167 4426 2171 4430 ,
2183 4390 2263 4451 57
2293 4370 2413 4457 ipso,

455 4480 635 4547 miles.
1414 4483 1423 4490 '
1493 4497 1698 4563 carpere
1719 4479 1784 4540 de
1805 4498 1934 4563 rogo
1970 4497 2199 4546 coenam.
