2809 5234
211 815 308 927 ιη’
461 832 501 908 Ρ.
549 826 938 910 TERENTII

210 1000 259 1070 N.
274 997 330 1068 Αιι
342 1046 355 1087 ,
369 991 540 1085 obsecro,
557 996 665 1087 vide,
686 1023 730 1072 ne
753 998 790 1071 in
813 1017 994 1097 cognatam
1014 1024 1140 1101 pecces
1159 1016 1189 1082 ’ὲ

145 1110 151 1121 ’
405 1123 457 1192 0.
482 1144 555 1191 non
581 1119 640 1193 est.
662 1124 699 1192 C.
720 1145 763 1191 ne
779 1147 889 1218 nega:

208 1241 314 1317 Patri’
332 1266 464 1318 nomen
487 1243 581 1315 aliud
604 1243 731 1313 dicium
762 1243 811 1314 est
828 1261 867 1317 ²:
889 1244 960 1321 hoc
986 1265 1026 1322 tu
1052 1249 1186 1326 errasti.

110 1349 114 1361 ⁵
399 1373 443 1437 D.
478 1390 550 1436 non
573 1381 675 1436 norat
695 1367 854 1457 patrem?
1124 1390 1185 1446 ἰο

213 1493 255 1564 C.
277 1492 401 1564 Norat.
422 1493 466 1558 D.
486 1510 549 1558 cur
567 1483 661 1556 aliu'd
675 1478 851 1560 dixitne.
874 1516 1097 1592 nunquamne
1114 1494 1185 1568 ho·

228 1697 231 1701 ,
404 1600 460 1680 <ne
488 1603 661 1678 concedes
679 1619 716 1694 ³,
748 1633 862 1705 neque

210 1714 416 1830 Intelleges?
448 1723 547 1799 D..si
574 1741 615 1795 ιιι
645 1723 694 1796 nil
719 1751 848 1802 narras.-
881 1736 917 1804 C.
947 1736 1062 1830 perdis
1079 1760 1106 1811 ι.
1132 1741 1184 1812 Ν.

128 1863 130 1875 “
405 1849 513 1921 miror
532 1845 619 1944 quid
642 1848 713 1921 hoc
738 1847 811 1922 siet.

208 1980 254 2050 D.
283 1971 453 2070 Equidem
481 1969 599 2042 hercle
630 1969 759 2046 nescio.
795 1977 829 2044 C.
850 1972 923 2044 vin’
938 1974 1049 2049 scire?
1069 1995 1105 2050 at
1129 1982 1183 2054 ita

292 2080 298 2123 ³
405 2114 463 2162 me
489 2088 603 2166 servet
627 2092 804 2192 luppiter,

208 2221 259 2293 Ut
277 2210 426 2312 propior
453 2213 529 2307 illi,
553 2241 658 2314 quam
689 2239 757 2313 ego
783 2213 876 2306 suni,
909 2236 1035 2312 actu,
1064 2216 1180 2294 honio

398 2362 505 2412 nemo
524 2337 573 2411 est
591 2359 615 2413 ι.
643 2342 696 2413 D.
717 2338 765 2412 dii
784 2338 937 2414 vostram
959 2339 1084 2414 fidem!

206 2460 335 2535 Eamus
355 2461 400 2535 ad
422 2459 529 2559 ipsam
562 2485 630 2534 una
646 2484 770 2535 omnes
791 2486 880 2534 nos:
907 2482 967 2538 aut
983 2462 1094 2555 scire,
1116 2482 1180 2541 aut

397 2586 527 2661 nescire
552 2584 623 2658 hoc
648 2583 750 2662 volo.
786 2591 820 2658 c.
864 2585 908 2658 ah
927 2585 974 2660 ’Ξ
1133 2609 1176 2689 15

137 2941 139 2946 Α
205 2884 311 2927 vocare
328 2882 417 2927 tentat
432 2858 506 2926 filiae
520 2886 654 2926 exuxote
735 2884 809 2924 uxor
821 2862 984 2944 suspicetur.
1000 2865 1056 2926 Sed
1078 2876 1105 2927 &
1127 2870 1179 2927 ina

146 2950 149 2957 Ι
206 2969 342 3036 Lemnia.
734 2968 827 3052 «elligi
858 2972 978 3052 potuit,
1010 2973 1179 3054 Demipho-

251 3075 457 3140 1Naufistrata
475 3097 510 3136 ex
524 3077 577 3134 viri
596 3076 653 3134 dic·
736 3096 803 3136 nem
819 3072 968 3137 'certando
997 3080 1180 3160 perditurum

208 3185 245 3246 tis
261 3203 372 3266 partem
385 3181 445 3240 veri
458 3178 581 3260 colligit.
594 3166 655 3238 D}-
736 3176 809 3255 effe3
827 3183 868 3240 uti
882 3181 917 3240 de
936 3181 1100 3244 ludentibus
1117 3183 1181 3244 fin»

206 3292 383 3372 miphonem
402 3303 523 3362 occupat
538 3285 656 3363 penitus
737 3286 852 3366 pliciter
869 3289 980 3349 dicitur.

206 3397 294 3458 ardor
320 3391 432 3463 animi,
465 3409 525 3471 quo
558 3388 654 3447 minus
780 3409 793 3462 5
826 3390 896 3448 Chr.
926 3392 962 3450 ad
987 3391 1119 3451 ultimum
1145 3397 1182 3455 ti.

208 3501 313 3561 videat.
733 3507 836 3562 mens,
852 3513 887 3550 ne
909 3515 981 3553 uxor
1007 3494 1181 3559 cumfratre

250 3628 265 3665 ι
295 3602 366 3666 chr.
396 3601 512 3662 coastus
541 3595 652 3681 profert
736 3597 892 3658 tandemad
903 3600 1096 3683 quaerendum
1108 3602 1182 3664 istuc·

208 3708 317 3773 sextum
334 3710 453 3794 fignum.
731 3706 763 3765 in
773 3706 855 3767 aedes
863 3705 1011 3788 irrumpat,
1021 3706 1180 3789 septimum

249 3841 264 3899 3
293 3819 350 3877 Int.
367 3816 448 3877 mihi.
734 3813 833 3885 addit,
852 3833 914 3898 quo
936 3836 1029 3896 paene
1053 3836 1095 3873 res
1118 3814 1181 3894 ipsa

204 3939 207 3945 ’
249 3924 432 4006 4Perplexe
465 3923 597 4010 loquitur
624 3929 653 3982 &
736 3920 871 3983 effutitur.
900 3921 936 3982 Et
955 3941 1048 3980 tamen
1063 3920 1181 3980 insanus

207 4034 341 4118 ambigue
366 4033 475 4112 perdis,
501 4034 553 4091 int.
583 4048 650 4103 ine,
733 4027 821 4087 Dein.
840 4025 900 4087 fere
915 4027 1060 4109 perditum
1078 4030 1101 4082 it
1123 4026 1178 4085 fia·

209 4159 298 4228 quem
330 4140 509 4202 contumacia
540 4159 587 4198 tua
611 4156 648 4194 eo
731 4146 835 4192 trem.'
1106 4207 1111 4215 .

209 4250 324 4333 adigis,
349 4268 379 4309 ιιι
407 4269 442 4308 ex
468 4246 553 4331 fignis
577 4244 649 4303 datis
774 4247 790 4297 6
816 4236 886 4297 Chr.
912 4238 1062 4308 exteiritus
1081 4238 1176 4301 inda·

207 4351 267 4413 iani
285 4355 349 4435 plus
359 4400 372 4426 ,
387 4376 472 4439 quain
492 4372 569 4433 opus
586 4350 650 4421 est,
731 4361 788 4403 mat
798 4363 809 4418 3
820 4342 895 4402 unde
904 4341 993 4404 nem.
1005 4341 1053 4407 vix
1061 4342 1178 4404 tandein
