2809 5234
212 864 283 936 402
442 839 536 913 AD
587 837 973 916 HECYRAM.

212 1023 298 1093 gunt
321 1007 388 1067 lem.
414 1000 552 1070 Variant
579 1003 668 1071 enim
692 997 801 1070 Codd.
823 1007 855 1068 δι
879 1004 913 1068 in
932 997 1079 1077 Comm.
1104 1003 1217 1077 Dona

131 1164 133 1168 ,
210 1093 334 1183 duplex
356 1092 403 1160 est
420 1091 488 1164 obs.
511 1091 635 1162 diversa
655 1091 876 1162 sentientium.
899 1092 995 1162 Prior
1018 1100 1120 1165 enim
1151 1099 1205 1167 di·

209 1208 288 1253 cens
301 1211 309 1256 ε
317 1194 484 1274 pronuntia,
495 1209 525 1250 ut
538 1194 679 1250 mirantem
694 1191 828 1273 ostendas,
840 1182 953 1275 legisse
964 1185 1114 1255 videtur
1129 1199 1206 1279 Irene

210 1278 296 1346 alius
312 1281 394 1345 dein
412 1285 593 1345 :adverbium
612 1285 814 1365 demonstrantis
835 1282 887 1362 est,
905 1295 942 1343 ut
961 1285 1035 1343 lem·
1054 1277 1130 1348 Sed
1147 1287 1202 1351 vi·

208 1368 307 1437 detur
331 1371 444 1458 potius
466 1369 646 1459 legendum
665 1397 697 1434 en
720 1375 797 1434 alter.
820 1364 938 1436 Bemb.
957 1380 1128 1460 ‘corrupte
1144 1374 1201 1442 lra-

210 1459 269 1528 bet
285 1490 330 1527 ex.
357 1457 471 1527 Nobis
499 1461 632 1529 videtur
649 1488 682 1524 en
706 1459 826 1527 melius
850 1463 1095 1538 convenirein
1122 1489 1201 1534 mu-

210 1551 349 1631 lierem,
365 1575 450 1639 quae
471 1551 572 1618 modo
586 1551 664 1619 haec
684 1551 851 1621 audiverat
866 1551 906 1617 ab
921 1551 988 1640 ipsa
1000 1550 1199 1641 Bacchide,

208 1650 243 1712 δι
262 1644 472 1732 indignanter
488 1641 522 1708 id
537 1645 699 1714 meminit.
713 1641 801 1712 lllud
818 1645 906 1712 enim
923 1643 997 1717 adv.
1010 1644 1196 1717 demonstr.

172 1803 175 1809 .
208 1739 312 1804 etiam
332 1738 401 1803 vim
417 1732 514 1801 habet
530 1733 735 1825 indignandi.
908 1748 915 1758 ·

257 1827 313 1895 lin.
344 1851 370 1917 5.
395 1830 527 1911 misereat.
547 1826 692 1915 Antiqui
711 1826 750 1893 stc
771 1849 831 1914 pro
847 1848 873 1892 te
892 1830 1039 1911 misereat,
1053 1850 1096 1899 ut
1119 1828 1195 1900 Eu·

209 1918 284 1985 nius
304 1917 338 1984 in
360 1916 501 1986 Hecuba
517 1942 568 2007 up.
585 1915 677 1986 Non.
696 1916 764 1986 Vll
777 1917 991 2011 ,‚58Miserete
1020 1932 1111 1989 anuis
1135 1931 1196 1992 dre.

209 2015 243 2077 &
263 2010 354 2078 Anu.
370 2028 389 2103 ς
406 2017 534 2099 cogebant
560 2015 643 2100 hostes
657 2060 668 2092 ‚
683 2015 862 2075 lacrumantes
880 2032 910 2074 ut
928 2014 1095 2095 misererem.
1121 2013 1194 2082 Lu-

209 2122 289 2170 cret.
305 2098 372 2182 lll,
391 2101 458 2191 894
472 2105 533 2188 lpse
546 2105 594 2185 firi
619 2106 729 2187 miseret·
751 2099 919 2193 Congruit
934 2122 1026 2172 terte
1040 2108 1075 2173 in
1092 2130 1194 2175 anum

209 2192 426 2277 archaismu83
445 2216 543 2280 quem
575 2193 689 2262 Faern.
716 2216 758 2260 ex
784 2192 872 2260 cod.
890 2190 1008 2261 Bemb.
1028 2197 1194 2287 approbat

207 2307 283 2372 prae
302 2285 392 2375 vulg.
402 2289 543 2369 misereat,
558 2281 673 2353 omisso
687 2308 732 2364 te,
770 2283 916 2351 uomodo
928 2282 1025 2355 Don.
1048 2291 1193 2384 legerat.

208 2375 270 2445 Al.
292 2380 445 2466 ingerunt
463 2400 509 2456 re,
529 2377 552 2441 1.
570 2398 645 2443 ante
670 2373 689 2441 l.
703 2308 775 2462 poi
798 2382 964 2462 cuiusquam.

256 2469 313 2534 lin.
340 2475 370 2534 ό.
396 2476 567 2553 Quemquem.
591 2466 708 2535 Faern·
732 2491 774 2534 ex
794 2464 909 2536 Bemb.
933 2496 1077 2557 quemque.
1110 2474 1192 2543 No·

209 2557 310 2626 strum
323 2559 459 2626 iubente
478 2556 591 2638 versu,
613 2566 644 2625 δι
666 2554 836 2626 Cledonio
857 2557 938 2628 teste
954 2585 985 2649 p.
1010 2564 1105 2654 1908
1128 2590 1194 2644 rec·⁴

209 2654 276 2718 tius
297 2672 373 2717 cum
399 2650 472 2716 aliis
490 2648 705 2719 rescribimus.

134 2800 138 2811 ,
256 2765 330 2831 pag.
352 2762 416 2829 272
432 2740 490 2808 lin·
507 2765 538 2824 4·
566 2739 681 2808 Bemb.
708 2748 753 2807 ille
769 2746 905 2830 septimo
924 2728 1033 2830 negare.

255 2834 313 2900 lin.
340 2832 389 2900 18.
414 2839 540 2919 perdant.
561 2831 679 2924 Vulgo
705 2832 811 2900 editur
839 2841 993 2920 perduint,
1023 2859 1108 2907 cum
1138 2841 1193 2909 alii

208 2925 319 3012 scripti
340 2921 478 2992 habeant
497 2920 663 3002 nostrum,
679 2923 769 3012 quod
793 2950 811 2991 a
830 2922 925 2994 versu
944 2923 1118 3011 poscitur,
1138 2936 1191 3000 iu-

209 3019 283 3085 dice
304 3013 440 3085 Faerno.
463 3005 573 3084 Bentl.
591 3015 678 3084 male
696 3018 824 3084 omittit
844 3017 1002 3099 verbum,
1020 3026 1056 3090 δι
1074 3044 1192 3094 contra

209 3108 323 3176 Bemb.
346 3105 491 3176 rescribit
510 3115 520 3171 ι’
541 3133 582 3178 oc.
605 3175 607 3178 ,

256 3226 286 3288 p.
301 3221 362 3289 273
377 3199 433 3267 lin.
451 3221 477 3264 r.
524 3197 557 3265 ul
584 3207 679 3265 ·urad
682 3226 712 3286 p.
725 3193 885 3267 Nostrum
899 3198 1033 3266 iubetur
1049 3203 1191 3273 aversu.

258 3316 332 3383 pag.
347 3312 410 3383 275
429 3290 485 3357 lin.
512 3312 540 3361 t.
555 3222 649 3358 dona
669 3290 842 3357 verborum
865 3290 1087 3366 construi‘tio,
1105 3288 1192 3364 strui·

211 3383 253 3449 lis
278 3382 346 3451 sete
362 3384 412 3450 1111
427 3406 475 3470 ap.
501 3379 609 3449 Plaut.
633 3378 727 3449 Trin.
745 3379 794 3447 lu
807 3431 816 3462 ,
836 3405 875 3462 2,
895 3382 934 3476 58
951 3386 997 3449 ita
1012 3381 1191 3470 displicuit

212 3472 322 3543 Butl.
338 3492 376 3541 ut
396 3491 522 3561 praeter
541 3494 608 3537 rem
634 3479 665 3538 tc
691 3469 798 3541 Codd.
819 3497 877 3559 pro
896 3482 935 3538 ad
957 3483 1112 3568 exemplum
1128 3479 1190 3546 da-

213 3587 264 3633 ret
279 3575 318 3631 ad
330 3569 456 3648 amuffim.
474 3563 577 3632 Certe
592 3561 632 3629 ad
651 3563 728 3630 talia
745 3565 897 3654 exempla
911 3568 1087 3657 ingenium
1107 3568 1189 3640 Cri·

213 3661 272 3725 tici
294 3657 384 3724 iliius
404 3656 586 3725 existimare
604 3652 693 3721 licet.

168 3753 172 3763 ’
260 3750 317 3816 lin·
335 3748 364 3813 8·
387 3753 638 3813 devium-uirtus·
655 3745 747 3816 Dori·
762 3775 903 3831 stuppeum
929 3745 991 3816 effe
1012 3747 1132 3821 dicens
1151 3752 1189 3822 1η

214 3841 322 3912 verbis
342 3838 381 3904 fic
401 3840 531 3910 videtur
549 3837 684 3928 legisse,
706 3836 762 3907 uti‘
785 3847 817 3907 δι
843 3841 876 3905 in
894 3843 964 3907 eius
990 3837 1072 3909 Mis.
1092 3843 1188 3934 legi-

213 3954 267 4002 tur
284 3931 492 4023 :habentque
519 3928 607 3997 idern
633 3931 743 4015 plures
770 3929 878 3999 Codd.
899 3939 930 3999 δι
953 3924 1075 4018 priscae
1109 3934 1186 4004 edd.

212 4025 295 4096 Ter.
316 4048 395 4112 quas
424 4019 602 4110 sequuntur
623 4021 739 4091 Heius.
763 4020 896 4095 Dacier.
914 4030 973 4093 διε.
993 4021 1073 4090 Alii
1101 4051 1186 4098 vero

214 4119 332 4209 legunt
347 4124 492 4182 deutrum.

260 4235 334 4299 pag.
353 4217 418 4298 276
437 4209 493 4275 litu
517 4228 566 4274 11.
588 4214 627 4271 ad
647 4231 764 4272 matrem·
789 4200 842 4272 Sic
857 4202 972 4272 Bemb.
992 4209 1055 4274 &a
1076 4213 1187 4296 prime

210 4325 311 4368 manu
331 4299 455 4369 Vilior.
473 4297 556 4368 teste
575 4296 690 4370 Faeru.
711 4295 918 4387 reddiditque
933 4293 1045 4366 Bentl.
1062 4298 1190 4398 Vulgo

211 4393 267 4461 alii
282 4418 400 4459 amorre.
766 4445 768 4451 ,
