2809 5234
172 175 1311 557 ψ

210 572 212 577 .
243 554 247 563 ¹
539 570 541 574 .

896 599 902 609 ι

193 980 197 1001 .
1066 893 1202 995 ”¹²5

212 1006 1162 1180 'M.ANT.MURET1

423 1322 1001 1398 ARGUMENTUM.

236 1459 436 1620 CHremes
464 1569 494 1614 et
521 1545 688 1639 Demipho
715 1545 834 1636 fratres
860 1542 1071 1639 Athenienses
1098 1561 1202 1626 erant}
1285 1616 1288 1631 ‚

232 1663 377 1732 Chremes
411 1662 553 1732 Athenis
591 1690 724 1735 uxorem
750 1669 884 1736 diuitem
926 1689 962 1734 at
1003 1669 1078 1736 bene
1105 1669 1200 1738 dota·

229 1807 299 1855 tam
322 1789 461 1855 duxeras
484 1786 720 1889 Naufisttatam
741 1812 755 1856 .·
776 1811 806 1857 ee
829 1810 870 1857 ex
902 1814 939 1857 ea
953 1786 1137 1879 fitseepetat
1155 1789 1201 1878 fi*

229 1913 311 1980 lium
328 1913 538 1984 Phaedriam.
562 1913 697 1982 habebat
720 1911 924 2006 Nausstrata
937 1964 949 2000 ,
964 1936 1091 2006 praeter
1118 1939 1199 1988 cete·

229 2057 283 2102 ras
306 2059 406 2127 opes,
426 2040 537 2126 epr'ma
558 2034 696 2125 praedia
720 2032 757 2098 in
778 2032 906 2099 Lemno.
931 2053 966 2096 eo
984 2030 1084 2122 igitur
1099 2033 1197 2101 Chre·

227 2179 294 2224 mes
320 2157 521 2248 quotannis,
551 2158 598 2224 ad
615 2180 652 2223 ea
672 2151 836 2238 locanda,
865 2148 1093 2244 capiendosque
1101 2147 1195 2240 sruc-

227 2302 316 2370 tus,
350 2282 558 2352 commeabat.
595 2283 672 2350 dum
706 2281 774 2349 illic
809 2276 946 2374 reficiet,
979 2285 1195 2371 pauperculae

226 2404 392 2497 cuiusdam
421 2406 565 2474 mulieris
599 2429 705 2473 amore
744 2422 932 2492 correptus,
967 2425 1036 2468 earn
1069 2426 1193 2493 quoque

173 2606 190 2616 „
225 2528 316 2598 ducit
341 2553 502 2617 uxorem,
521 2550 551 2596 et
580 2553 622 2596 ex
645 2551 682 2596 ea
700 2523 840 2618 suscipit
854 2524 966 2614 filiam
993 2523 1163 2592 Phanium
1173 2550 1193 2610 ;

224 2674 265 2720 ac
285 2678 325 2722 ne
343 2677 390 2722 res
406 2627 588 2738 emanaret,
607 2675 800 2720 commutato
822 2650 978 2736 nominc,
994 2650 1191 2742 Stilphonem

215 2775 384 2870 sthmni
415 2778 524 2847 uocari
548 2779 644 2848 iubet.
665 2777 848 2847 detrahebat
873 2795 977 2841 autem
995 2800 1010 2842 e
1030 2768 1191 2861 sruilibus

217 2903 423 2993 praediorum
449 2900 562 2970 uxoris
579 2895 805 2995 Athenienfis,
826 2913 985 2987 quantum
1005 2894 1094 2982 settis
1118 2888 1190 2989 effes

221 3030 270 3096 ad
288 3029 380 3095 illam
401 3031 532 3095 alteram
561 3052 629 3094 una
650 3050 721 3094 curn
732 3024 811 3114 filia
830 3021 1058 3089 nutriendam:
1075 3022 1189 3092 deinde

220 3151 372 3217 Athenas
394 3146 562 3238 reuersus,
591 3169 651 3214 aut
673 3146 914 3230 calamitatem,
934 3165 993 3210 aut
1008 3145 1189 3234 uilitatem,

219 3280 260 3338 ut
278 3273 343 3338 tale
363 3269 492 3360 aliquid
523 3266 724 3358 causabatur.
762 3268 848 3335 Erat
871 3265 1074 3355 Demiphoni
1089 3266 1187 3354 filius

218 3394 375 3486 Antipho.
412 3393 491 3461 Cum
518 3395 617 3489 igitur
636 3392 804 3460 Phanium
825 3391 1004 3483 quindecim
1028 3390 1095 3456 iam
1122 3391 1187 3468 [ια-Ι

191 3578 202 3590 .,
216 3520 300 3589 beret
323 3543 462 3605 annos,
492 3519 688 3590 conueniunt
713 3517 797 3584 inter
813 3513 851 3606 se
884 3516 1028 3582 Chremes
1054 3532 1084 3579 et
1109 3513 1185 3583 De-
1262 3542 1264 3551 ·

217 3647 352 3736 mipho,
376 3668 413 3713 ut
440 3648 586 3714 Chremes
613 3645 739 3735 quidem
767 3665 796 3711 et
820 3643 986 3711 Lemniam
1014 3663 1182 3730 uxorem,

217 3786 248 3832 et
264 3767 432 3832 Phanium
446 3767 593 3834 Athenas
606 3770 789 3833 clanculum
807 3769 973 3836 adduceret
980 3791 996 3848 ;
1012 3768 1178 3860 Demipho

216 3911 290 3960 rete
329 3886 496 3954 Phanium
529 3887 606 3975 filio
626 3885 706 3983 suo·
734 3913 867 3956 uxorem
898 3891 995 3960 daret.
1029 3892 1096 3961 cius
1132 3893 1178 3961 tei

215 4011 313 4104 causa
326 4009 538 4104 proficiscitur
562 4011 598 4076 in
618 4011 772 4077 Lemnum
791 4000 958 4084 Chrimes.
979 4018 1086 4085 eodem
1101 4039 1176 4084 tent·

208 4164 289 4232 pote
306 4137 442 4222 accidit,
464 4157 501 4204 ut
525 4134 720 4225 Demiphoni
745 4159 868 4226 quoque
887 4136 947 4204 iter
967 4134 1037 4233 effet
1060 4138 1098 4205 in
1116 4137 1175 4202 Ci-

212 4263 333 4330 liciam.
357 4259 506 4330 abeurttes
516 4314 530 4348 ,
551 4259 645 4328 ambo
672 4261 804 4348 Getae(
825 4262 855 4329 is
878 4261 1174 4352 Demiphonisser-

212 4406 274 4454 uus
296 4386 387 4472 erat)
407 4385 502 4477 filios
521 4389 721 4477 committunt
737 4385 831 4480 ficos.
850 4381 999 4480 prosee'lis
1011 4387 1172 4480 senibus,
