2809 5234
209 842 282 896 rto
454 816 494 890 P.
550 812 951 893 Teutrt‘rtr

206 978 306 1072 Quid
321 996 363 1052 ru
380 976 458 1051 ais?
472 981 534 1052 Αι.
554 977 600 1054 stc
620 978 762 1077 opinor.
776 982 831 1055 D.
845 970 961 1054 multu
974 980 1103 1057 reffius
1120 980 1185 1076 est,

206 1104 326 1193 Quam
348 1100 443 1173 illam
465 1124 672 1197 puerperam
693 1126 788 1176 nunc
810 1102 891 1176 duci
911 1102 977 1178 hac
997 1128 1059 1202 per
1082 1108 1183 1179 viam

206 1232 409 1323 Aegrorum.
429 1227 490 1296 Ae.
507 1222 593 1294 nihil
612 1223 705 1295 euim
722 1226 797 1299 vidi
814 1228 959 1318 melius,
974 1231 1022 1302 mi
1040 1251 1157 1328 pater.

208 1353 263 1425 D.
287 1350 342 1424 sic
366 1349 494 1421 soleo¹
519 1346 606 1422 :sed
628 1374 750 1424 eccum
777 1352 886 1428 Micio
915 1355 1093 1452 egreditur
1119 1357 1180 1431 fo·

399 1490 465 1542 ras·
1133 1485 1182 1577 25

303 1708 530 1780 Acrvs
582 1713 626 1780 V.
676 1713 926 1785 SCENA
977 1722 1092 1794 712.

350 1918 520 2013 Mtclo,
552 1921 749 2013 DEMEA,
779 1925 1046 2005 AESCHINUS.

207 2020 408 2194 M.IUbet
435 2114 569 2214 frater?
593 2117 655 2193 ubi
673 2117 726 2192 is?
750 2132 835 2191 tune
862 2117 958 2193 iubes
984 2121 1077 2210 hoc,
1102 2129 1184 2203 De·

407 2242 508 2312 mea?

254 2540 266 2580 r
286 2520 399 2579 ironice
418 2518 475 2580 hoc
490 2520 650 2594 dixerit,ut
733 2517 877 2599 Quamvis
905 2522 984 2582 euim
1007 2520 1100 2581 Micio
1125 2545 1180 2603 pa·

208 2625 412 2687 GnathoEun.
426 2625 453 2683 ΙΙ
461 2672 469 2699 ,
483 2649 498 2687 2
512 2672 522 2702 ,
536 2632 584 2703 48.
594 2627 652 2687 Mi·
735 2648 800 2688 rum
821 2628 928 2690 urbane
944 2633 1021 2690 ineo
1036 2629 1181 2690 facereri-

208 2735 288 2794 eiotti
303 2729 483 2805 intendebat,
492 2733 573 2816 quod
586 2732 651 2792 Ae·
736 2731 835 2792 dentur
843 2754 852 2808 3
861 2731 926 2792 fecit
940 2754 1034 2794 tamen
1047 2735 1181 2809 humane,

208 2840 322 2904 schinus
333 2839 381 2900 stbi
395 2837 502 2900 fastum
511 2839 652 2900 credebat.

252 2977 268 3012 2
294 2952 423 3014 Advenit
451 2948 567 3010 tandem
590 2950 653 3009 Mi·

210 3061 277 3130 cio,
302 3078 367 3117 cum
390 3047 506 3114 audiffet
528 3072 562 3109 ex
577 3051 652 3133 Syro

209 3160 311 3228 iuffum
327 3164 453 3222 Demeae
466 3202 474 3230 ,
486 3155 652 3228 ardentior,

210 3265 298 3355 quam
313 3269 404 3330 adhuc
420 3283 545 3345 unquam
561 3261 588 3321 su
604 3283 651 3320 cx·

212 3379 327 3452 hibuit3
354 3370 428 3434 nihil
452 3365 513 3449 ipse
540 3367 650 3427 intelli·

211 3504 283 3567 gens
321 3482 354 3540 de
387 3476 480 3537 fratris
508 3471 652 3547 constliis;

211 3609 290 3644 nunc
313 3609 381 3646 vero
399 3581 461 3667 lpse
484 3581 610 3653 abhoc,
631 3576 652 3640 fi

213 3695 262 3752 sua
280 3693 413 3756 facilitate
427 3696 529 3768 virius,
546 3690 573 3752 se
584 3689 652 3752 scria

213 3800 324 3878 nuptiis
338 3823 403 3860 eutrt
416 3805 540 3865 sostrata
550 3802 655 3877 vetula,

213 3924 304 3966 matre
319 3904 438 3977 Pharii,
451 3910 594 3991 implicari
607 3933 657 3992 pa·

215 4009 293 4067 titur.
315 4006 390 4066 Cave
412 4029 505 4069 autem
529 4013 656 4074 irascaris

212 4109 237 4172 s.
258 4113 405 4183 Micioni,
431 4116 506 4195 quafi
532 4119 653 4176 nirniutu

213 4221 354 4297 parienti,
377 4217 398 4278 s.
418 4219 566 4296 Demeae,
582 4221 658 4306 quast

215 4341 292 4384 nunc
308 4326 365 4386 iam
390 4324 536 4387 malitioso
556 4327 654 4389 nimis.

736 2860 829 2922 neque
846 2840 962 2920 prorsus
984 2862 1084 2902 contra
1101 2840 1181 2902 suunt

736 2947 846 3008 sensum
855 2971 864 3023 ς
874 2953 923 3033 qui
931 2973 1049 3010 uxorem
1061 2975 1121 3012 non
1132 2955 1182 3013 du·

739 3072 819 3126 cere,
830 3051 1007 3114 fortunatum
1019 3056 1109 3115 videri
1121 3058 1182 3116 istis

735 3158 789 3243 otii
806 3158 934 3217 studiosis
947 3159 1075 3232 iambe,
1095 3160 1183 3243 supra

733 3264 851 3325 dixerat.
868 3265 975 3349 Neque
992 3266 1045 3326 hac
1056 3288 1148 3329 aetate
1160 3271 1183 3333 I.

733 3370 877 3428 miserium
899 3394 916 3431 a
939 3373 1078 3454 coniugio
1096 3378 1183 3437 vide·

733 3470 797 3546 bit,
816 3471 837 3531 l.
856 3471 922 3531 filiis
945 3475 1075 3557 adeoque
1093 3485 1184 3543 novis

734 3580 810 3638 curis
829 3576 996 3662 augebitur3
1010 3577 1056 3638 sed
1071 3580 1103 3638 in
1116 3584 1185 3665 ipsa

734 3689 879 3752 seneiiute
897 3689 1027 3766 habebit,
1047 3713 1119 3776 quae
1133 3699 1184 3779 ip-

737 3800 800 3862 sum
818 3804 914 3875 iuvet,
933 3799 1066 3886 curasque
1083 3806 1124 3863 rei
1138 3805 1182 3865 fa-

738 3910 858 3975 miliaria
884 3912 1029 3995 partiatur.
1068 3911 1184 3973 Demea

737 4034 858 4089 autem,
892 4017 1021 4098 quamvis
1058 4013 1181 4075 ultionis

736 4114 817 4176 musa
827 4117 942 4177 fratrent
958 4118 993 4177 ad
1006 4118 1120 4196 nuptias
1132 4120 1181 4177 ad·

739 4221 879 4292 duceret,
900 4240 994 4280 cetera
1017 4220 1124 4303 gratiae
1145 4220 1181 4279 ab

735 4322 801 4386 aliis
819 4324 963 4387 iucundae
980 4323 1101 4399 faceret,
1122 4325 1181 4386 huc
