2809 5234
403 435 409 453 l

219 803 292 857 vm

198 1000 200 1010 .
217 944 346 1016 toribus
363 934 645 1040 praestantioribus
660 936 879 1011 consultaretur
896 937 1071 1012 leffionem
1087 952 1168 1014 com

219 1038 399 1126 ferremus,
420 1060 454 1115 er
476 1034 621 1113 nostrum
643 1037 904 1134 qualemcunque
924 1034 1047 1108 sensum
1069 1037 1168 1110 secu·

219 1137 245 1208 ti
267 1140 422 1210 nonnulla
447 1133 505 1232 ipfi
530 1135 673 1229 primum
700 1133 846 1206 restituta
868 1133 1058 1221 ederemus,
1081 1137 1169 1207 alio·

220 1259 294 1307 rum
311 1235 384 1307 ausa
407 1235 440 1306 in
457 1231 567 1303 Codrl
591 1231 743 1322 meliores
765 1229 1000 1319 refutaremus,
1020 1231 1178 1327 saepius·‘

218 1354 285 1421 que
308 1332 497 1404 Terentium
526 1352 545 1399 a
573 1328 803 1425 vexatoribus,
827 1346 984 1438 quantum
1010 1327 1046 1399 in
1070 1329 1171 1404 nobis

218 1426 281 1518 fit,
306 1429 571 1512 defenderemus,
596 1445 703 1499 cetera
726 1450 745 1499 a
770 1424 866 1497 nobrs
890 1423 1058 1511 coniecit,
1083 1450 1171 1523 quae

219 1530 367 1621 recipere
398 1524 571 1617 superbum
609 1522 717 1596 videri
752 1521 889 1618 potuit,
925 1521 1173 1597 subiiceremus.

219 1627 352 1699 fanum
369 1621 405 1694 id
425 1645 443 1692 a
465 1622 562 1695 nobis
579 1620 626 1694 ell
642 1620 828 1719 diligentius
842 1620 875 1690 in
897 1623 982 1691 Eun.
1000 1636 1034 1690 er
1049 1620 1172 1694 Heaut.

218 1747 320 1817 quam
348 1719 383 1790 in
414 1718 559 1814 Andria,
585 1744 669 1815 quae
693 1716 759 1789 iam
789 1716 959 1813 pulchrius
989 1715 1173 1793 rehabere

220 1816 289 1891 visa
318 1813 375 1891 est.
410 1816 565 1887 Ceterum
592 1816 640 1889 uti
664 1815 829 1889 editorum
859 1811 1039 1887 recentium
1066 1838 1174 1887 nemo

220 1915 380 1987 maiorem
403 1913 443 1984 de
467 1911 666 1985 tellituendo
688 1939 707 1983 a
733 1911 765 1984 se
785 1912 944 1983 Terentio
967 1909 1088 1983 famam
1114 1936 1173 1983 re-

221 2011 308 2105 perit
330 2011 382 2082 vel
405 2011 552 2093 laudem,
575 2035 673 2087 uuam
697 2010 795 2083 Rich.
821 2011 1004 2093 Beothius,
1026 2008 1173 2099 Anglus,

221 2104 381 2193 aliorum,
394 2106 538 2179 maxime
557 2111 654 2178 Hun'i
673 2106 910 2198 reprehensor,
930 2106 1036 2177 immo
1052 2107 1174 2177 Faetno

221 2202 275 2290 se,
292 2204 328 2273 et
345 2202 465 2276 codici
486 2206 649 2277 Bembino
671 2203 746 2276 suos
768 2227 996 2299 praeponens,
1012 2202 1079 2298 ipse
1096 2226 1174 2275 mo·

222 2301 270 2372 do
291 2303 483 2387 cotreElor,
505 2303 609 2375 modo
632 2318 811 2393 corruptor
828 2320 935 2373 textus
957 2299 1176 2387 Terentiani,

222 2418 257 2468 et
278 2398 375 2469 merri
398 2399 519 2469 arbiter
540 2396 772 2469 intolerabilis:
794 2397 839 2468 ita
859 2399 928 2469 eius
950 2397 1093 2469 maxime
1116 2397 1175 2468 in·

223 2514 320 2565 venta
349 2494 403 2564 vel
431 2495 502 2565 ausa
532 2492 753 2582 excuffimus,
781 2517 863 2590 quae
889 2494 1068 2583 probabilia
1094 2493 1174 2570 visa

181 2590 317 2677 'sunr,
340 2589 439 2662 secuti
466 2590 597 2679 sumus,
618 2591 679 2661 alia
702 2616 786 2688 quae
808 2589 1045 2680 confidentius,
1073 2616 1174 2690 quam

223 2686 337 2760 vetius
364 2689 480 2781 palam
516 2687 675 2779 prontlit,
706 2688 862 2762 brevibus
897 2688 1174 2775 confutavimus,

223 2784 316 2880 plura
348 2783 466 2867 aptiori
497 2783 701 2855 intercilione
729 2787 749 2857 l.
774 2787 994 2875 explicatione
1020 2786 1174 2858 defendi-

223 2904 320 2956 mus,
336 2881 461 2950 leviora
482 2883 581 2950 multa
604 2880 793 2970 omisimus„
814 2880 981 2975 Quamvis
1004 2883 1092 2954 enim
1111 2884 1176 2957 Te·

222 2977 319 3051 rentii
341 2975 438 3047 leffi'o
459 2976 565 3048 minus
586 3004 683 3058 onam
710 2981 848 3052 aliorum
883 2978 1053 3050 nullorum
1077 2999 1174 3052 vere-

173 3124 175 3137 .
223 3099 297 3144 rum
318 3089 473 3149 corrupta
494 3073 595 3170 vulgo
614 3074 756 3159 feratur,
779 3093 865 3146 natat
882 3093 989 3147 tamen
1014 3095 1048 3150 et
1067 3076 1120 3148 illa
1135 3077 1172 3151 in

223 3170 334 3242 variae
363 3169 510 3242 leffionis
529 3196 685 3263 oceano,
706 3172 882 3261 quomodo
907 3172 971 3244 iam
997 3176 1174 3247 Ciceronis

223 3286 329 3340 aetate
351 3268 548 3364 exemplaria
569 3265 719 3342 affeclant
738 3269 913 3343 leffionem
932 3272 1172 3367 perhibebant:

124 3480 148 3501 '*
222 3502 326 3544 comm.
339 3482 445 3548 Donati
457 3487 485 3545 in
504 3486 608 3568 5sabb2
620 3488 652 3551 δι

123 3608 130 3621 .
222 3562 652 3642 CalplninHeaur.Cumexem·

223 3644 282 3724 plat
292 3642 413 3705 nostrum
424 3670 440 3708 a
451 3651 542 3728 capite
554 3649 651 3711 &cal-

219 3746 253 3784 ce
271 3725 397 3787 mutilum
420 3726 471 3803 stt3
493 3728 615 3870 (puippe
635 3754 651 3791 a

221 3805 361 3946 principifio
384 3806 487 3904 septem
526 3810 577 3871 olia
598 3811 650 3871 de·

221 3904 651 4051 ,ll‘lrllllllll’illll

220 4046 305 4109 cvu
324 4049 395 4112 runa
413 4052 584 4126 assolutum,
596 4055 650 4138 ng-

220 4127 344 4218 naiuram
356 4133 391 4192 ad
406 4124 462 4198 CC
480 4136 649 4220 progrellam

220 4203 322 4285 Me)
337 4210 468 4282 hiesum
481 4220 508 4280 in
524 4239 598 4284 anno
615 4221 649 4286 &

735 3491 799 3553 loco
809 3493 946 3557 editionis.
955 3494 1120 3577 Congruete
1131 3497 1173 3554 vi-

735 3571 850 3633 debator
862 3596 927 3635 cum
937 3577 1056 3670 Argent.
1068 3577 1171 3654 prima,

734 3650 1172 3805 {llrl‘llllllllllz'j

732 3830 777 3874 rur
797 3816 833 3875 ad
864 3819 1005 3899 exemplar
1033 3820 1170 3897 antiquius

733 3895 939 3960 Mediolanense
965 3901 1010 3960 vel
1040 3896 1171 3958 Tarvisi-

733 3998 822 4037 num.-
843 3978 933 4041 Serius
954 3984 1037 4042 etiam
1058 3978 1171 4037 Veneta

732 4056 773 4119 ΠΙ
784 4058 881 4121 Fratre.
893 4059 1002 4126 Dianae
1014 4058 1048 4123 ad
1061 4054 1173 4119 nostroe

733 4138 794 4203 usus
802 4139 921 4209 aeceffie
961 4185 965 4193 .
