2809 5234
775 362 782 375 ι
1215 192 1234 367 Ι
1253 356 1257 365 ι

1123 378 1131 399 δ
1305 410 1309 417 ι

112 448 121 457 ι
455 444 461 455 0

314 672 384 746 2m
574 647 1050 750 P.rananrrr

186 852 190 857 ·
308 830 526 921 Menedeme,
546 831 638 905 mihi
651 833 745 909 illaec
767 859 846 909 vere
865 850 875 885 ¹
901 839 942 909 ad
964 836 1083 913 rastros
1104 862 1155 913 res
1176 843 1270 943 redir.

306 963 357 1031 Μ.
367 959 463 1050 Quor
472 955 686 1029 incommoda
693 956 753 1030 ribi
764 960 798 1031 in
808 959 869 1032 hac
883 984 917 1032 re
926 961 1046 1058 capies,
1056 960 1115 1034 nifi
1126 988 1221 1036 caves
1236 966 1268 1036 ²?

295 1058 485 1189 'Difficilem
502 1078 653 1153 ostendes
670 1096 704 1155 te
724 1080 856 1171 effe,er
875 1082 1025 1183 ignosces
1045 1102 1155 1159 tamen
1218 1093 1266 1159 60

302 1204 400 1288 Post3
419 1223 453 1277 et
473 1204 507 1276 id
521 1204 686 1301 ingratum
705 1219 730 1277 ³.
752 1209 787 1279 C.
800 1205 862 1279 ah!
877 1207 995 1294 nescis,
1010 1200 1112 1306 quani
1124 1209 1266 1287 doleam.

475 1333 525 1399 M.
550 1351 587 1400 ur
608 1327 699 1400 luber
714 1345 742 1401 ⁴.

300 1466 394 1562 Quid
416 1467 507 1554 hoc,
526 1462 620 1562 quod
646 1462 758 1553 volo,
780 1478 817 1535 ur
839 1460 893 1535 iila
911 1465 1014 1540 nubat
1038 1467 1182 1541 nostro?
1207 1469 1265 1542 nisr

469 1588 550 1686 quid
576 1586 648 1672 ess,

296 1725 405 1816 Quod
417 1723 525 1796 mavis
542 1737 567 1794 ⁵.
595 1725 629 1793 C.
649 1722 756 1792 immo
769 1735 801 1790 et
815 1742 934 1817 gener,
948 1741 981 1797 er
998 1724 1109 1797 affines
1121 1726 1263 1822 placent.

296 1850 349 1920 M.
370 1847 462 1939 Quid
481 1845 569 1919 doris
590 1843 697 1942 diean
718 1862 750 1915 re
770 1842 885 1919 'dixisse
909 1844 1008 1931 filio?

295 1970 391 2066 Quid
421 1967 614 2044 obticuisti?
643 1970 677 2040 C.
700 1965 818 2040 dotis?
846 1971 896 2039 Μ.
917 1967 961 2039 ita
981 1966 1068 2042 dico.
1101 1972 1134 2040 C.
1160 1971 1200 2039 ah
1220 1969 1257 2040 ⁶!

470 2097 519 2164 Μ.
539 2092 711 2179 Chreme,
1208 2095 1254 2193 65

296 2232 350 2304 Ne
368 2230 450 2328 quid
470 2256 625 2318 vereare,
643 2230 804 2303 fiminn':
821 2229 866 2303 nii
881 2253 942 2305 nos
960 2230 1022 2302 dos
1035 2249 1161 2301 movet.

299 2359 335 2426 C.
352 2356 435 2428 Duo
451 2354 568 2427 talenta
579 2380 642 2453 pro
657 2380 693 2428 re
711 2352 819 2428 nostra
829 2377 894 2454 ego
906 2354 971 2428 effe
986 2354 1121 2428 decrevi
1135 2353 1205 2426 satis
1222 2370 1256 2425 7:

338 2604 350 2645 1
368 2582 494 2646 Ostendit
506 2584 580 2645 suum
590 2584 692 2645 malum
703 2585 745 2644 di·
804 2587 879 2666 quod
890 2607 954 2669 prae
966 2585 991 2646 se
1001 2585 1052 2646 ferr
1062 2587 1252 2662 Menedemur,

295 2682 404 2744 versum
420 2682 454 2740 ab
466 2680 510 2739 illo
526 2681 666 2760 quondam
678 2682 744 2741 Me·
804 2683 853 2741 erit
872 2684 1007 2761 optimum
1030 2684 1178 2740 remedium
1197 2685 1254 2742 do-

295 2776 402 2838 nedemi
414 2822 423 2847 ‚
437 2779 480 2836 cui
499 2796 555 2834 non
573 2795 614 2833 res
628 2773 744 2835 redierat
804 2774 855 2833 lori
863 2770 1024 2835 Chremetis.
1035 2771 1101 2832 Non
1111 2777 1180 2833 enim
1192 2797 1256 2833 nro-

293 2868 330 2928 ad
344 2866 461 2942 rastros,
475 2867 519 2926 sed
529 2867 575 2947 qui
586 2863 639 2946 ipse
651 2864 745 2925 dolore
805 2864 842 2923 do
851 2862 886 2922 fic
898 2864 932 2923 ad
945 2886 1003 2924 rem
1013 2865 1152 2925 laetiorem
1168 2867 1255 2926 dedu·

294 2960 383 3021 vidius
397 2979 502 3045 practer
515 2980 572 3021 rem
587 2980 634 3020 eos
647 2957 745 3018 tradia·
806 2960 890 3034 citur,
905 2957 949 3018 sed
964 2959 994 3019 ὅ(
1011 2958 1065 3040 ipse
1082 2963 1190 3041 copiam
1207 2966 1254 3021 in-

294 3059 376 3116 verit.
805 3053 898 3112 veniet
915 3053 1066 3134 corrigendi
1084 3052 1139 3114 filii.

335 3171 353 3207 2
373 3146 411 3207 cf.
433 3168 503 3228 quae
526 3146 660 3208 Chremes
681 3166 743 3205 mo·
847 3165 860 3225 5
879 3145 1000 3205 Honeste
1016 3163 1106 3225 perere
1123 3148 1252 3223 videtur,

291 3257 386 3302 nuerat
401 3238 599 3300 Menedemum
617 3237 682 3301 Ad.
694 3237 745 3312 111,
805 3235 851 3295 sed
869 3237 896 3294 in
910 3237 975 3296 loco
991 3235 1027 3296 src
1047 3238 1128 3312 dicit,
1149 3243 1252 3319 qnippe

297 3354 333 3408 r,
354 3351 387 3413 33
406 3333 444 3412 sq·
801 3348 907 3402 cerrus,
929 3350 980 3409 pro
1005 3351 1033 3390 re
1059 3332 1189 3409 praesenti
1209 3336 1251 3393 ia·

336 3425 416 3503 3int.
429 3424 496 3497 erit,
507 3421 534 3483 la
544 3444 568 3482 e.
584 3422 686 3485 nullam
696 3424 740 3482 in·
800 3419 895 3479 benter
910 3419 1104 3498 desponsatum
1119 3420 1181 3482 esse.

293 3513 328 3574 de
340 3517 453 3595 gratiam
469 3517 555 3577 inibis.
841 3511 861 3573 6
879 3512 1028 3575 Cundiatur
1043 3514 1111 3578 Chr.
1130 3516 1187 3576 srve
1201 3540 1251 3578 ve-

333 3627 353 3678 4
372 3602 467 3664 Facias
483 3608 579 3688 igitur,
597 3605 741 3688 quomodo
798 3624 872 3678 rens,
880 3625 915 3664 ne
923 3626 1006 3686 quam
1015 3605 1139 3667 decrever
1146 3626 1172 3665 ar
1181 3607 1251 3666 izim-

290 3693 366 3756 lubet
379 3695 426 3753 tibi
436 3743 445 3767 ,
455 3700 501 3777 qui
517 3719 562 3757 me
577 3698 668 3757 audire
686 3719 739 3756 no·
799 3717 893 3768 mam,
911 3700 1000 3758 minor
1016 3699 1139 3757 videatur
1158 3698 1249 3774 inito,

290 3787 331 3847 lis.
347 3786 466 3848 Videtur
487 3787 565 3849 Men.
582 3788 642 3849 satis
661 3788 740 3848 duri·
800 3787 858 3848 srve
874 3810 1004 3869 quaerens
1023 3789 1100 3847 srmul
1115 3792 1250 3850 rationem

291 3898 333 3941 rer
352 3881 388 3940 ab
409 3899 444 3940 eo
467 3880 493 3939 se
511 3898 634 3941 avertere
650 3880 685 3940 ad
703 3878 740 3939 sui
798 3879 947 3940 revocandi
963 3901 979 3936 a
997 3881 1106 3938 libidine
1124 3878 1176 3938 iiiii.

290 3975 415 4033 studium.
441 3975 496 4034 Sed
516 3975 547 4034 &
562 3974 683 4034 dandum
700 3972 739 4033 est
840 3996 858 4048 7
881 3971 921 4032 lra
939 3975 1049 4044 evenit,
1063 3988 1092 4028 ut
1111 3969 1158 4029 sibi
1172 3987 1251 4051 praa.

291 4067 381 4126 dolori
390 4067 515 4147 spatium,
522 4087 577 4146 quo
584 4066 670 4126 levior
680 4065 739 4124 red·
797 4063 901 4126 dixerat
912 4062 992 4142 supra
1008 4061 1061 4138 lv,
1077 4085 1105 4138 4.

291 4158 383 4233 darur3
393 4163 422 4221 d<
434 4160 516 4219 exilio
524 4158 583 4239 ipso
591 4158 628 4219 sui
636 4158 735 4228 stadio,
