2809 5234
125 700 145 755 d

334 708 427 807 un
628 726 1119 804 e.aanant11

355 897 460 991 Quae
483 890 542 967 hic
565 912 691 985 erant,
713 914 973 981 contemnunt
991 890 1315 991 egovotsolrie

545 1017 591 1091 ris
621 1019 761 1093 ceteris.

298 1166 300 1171 ·
352 1138 446 1215 Cum
461 1136 578 1235 puella
588 1162 694 1211 anum
706 1129 886 1238 suscepisse
901 1136 1102 1212 inimicitias
1112 1164 1199 1215 non
1210 1144 1315 1241 pude

352 1262 449 1337 lllius
469 1262 563 1336 dicet
583 1262 689 1361 culpa
715 1260 842 1335 fartum
861 1279 889 1336 ¹.
921 1266 960 1334 S.
980 1260 1074 1335 baud
1097 1262 1285 1362 equidem
1304 1293 1315 1338 e

552 1410 598 1459 eo
616 1402 651 1472 ²,
669 1385 718 1458 mi
731 1388 875 1459 laches.
1312 1472 1315 1483 .

354 1514 395 1586 L.
416 1508 589 1601 Gaudeo,
607 1507 656 1581 ita
668 1532 725 1581 me
746 1506 783 1580 di
801 1526 938 1600 ament,
957 1505 1053 1607 gnati
1072 1507 1185 1583 causa
1207 1530 1219 1577 r
1241 1537 1254 1585 ε
1278 1536 1315 1585 na

547 1628 591 1703 de
615 1646 652 1703 te
672 1626 838 1728 quidem,

353 1751 443 1825 Satis
460 1748 532 1824 scio
548 1805 560 1842 ,
581 1751 761 1849 peccando
771 1750 973 1825 detrimenti
988 1748 1075 1823 nihil
1089 1749 1174 1825 fieri
1186 1753 1315 1853 potell

353 1880 396 1953 S.
415 1876 489 1971 Qui
509 1874 572 1951 scis
591 1929 603 1966 ,
623 1900 668 1951 an
682 1900 725 1951 ea
747 1872 870 1969 causa3
892 1875 949 1953 mi·
963 1875 1039 1968 vir,
1056 1900 1115 1949 me
1137 1880 1315 1957 oditreat

520 2012 525 2020 '
551 1997 763 2091 mulaverit,

355 2128 408 2201 Ut
425 2149 506 2200 cum
526 2142 636 2199 matre
656 2126 735 2224 plus
753 2152 824 2200 una
842 2125 929 2201 esset
942 2128 983 2198 t?
995 2128 1034 2201 L.
1053 2122 1142 2225 quid
1170 2127 1260 2206 aisi
1283 2158 1315 2207 n

556 2250 641 2350 signi
665 2252 737 2325 hoc
762 2249 812 2325 sat
833 2248 910 2342 est,
1063 2252 1072 2267 '

356 2377 468 2472 Quod
480 2376 558 2450 heri
581 2400 687 2449 nemo
706 2374 826 2450 voluit
844 2372 1016 2450 visentem
1032 2373 1078 2447 ad
1093 2397 1171 2447 eam
1197 2394 1241 2450 te
1252 2379 1315 2452 ino

552 2498 766 2573 admittere?
1295 2532 1315 2583 4

356 2622 398 2695 S.
412 2621 515 2695 Enim
534 2620 650 2695 lass'arn
672 2622 807 2721 oppido
828 2639 904 2695 tum
926 2618 995 2694 esse
1015 2618 1134 2693 aibant
1152 2618 1200 2688 ‘t
1230 2646 1281 2695 eo
1306 2649 1315 2695 a

557 2773 634 2822 eam
654 2774 729 2822 non
743 2745 884 2822 admissa
900 2743 987 2820 sum.

402 2992 582 3057 1Praevenit
601 2987 807 3051 defensionem.

398 3122 413 3158 2
431 3099 554 3181 Egregie
572 3094 683 3179 placida
698 3092 809 3154 sentina

357 3190 394 3254 sic
409 3193 563 3276 respondet
578 3240 586 3267 ‚
606 3213 636 3253 ut
650 3214 755 3252 nurum
775 3215 805 3254 e·

360 3300 430 3360 tiam
442 3297 599 3362 excusatam
615 3297 694 3370 velit,
709 3318 807 3383 quam·

358 3411 403 3470 vis
417 3409 527 3471 causam
539 3408 678 3470 abitionis
692 3407 808 3469 neseiat.

402 3536 415 3595 3
432 3515 567 3576 Uxorem
580 3514 632 3599 ips
644 3510 709 3588 else,
720 3536 807 3599 quarn

362 3644 416 3684 nec
436 3624 533 3687 socrus
548 3627 667 3690 inimica
678 3624 811 3688 accusato

299 3772 303 3781 ·
359 3731 470 3792 audeat.

414 3865 434 3915 4
467 3836 627 3924 Nunquam
669 3843 810 3924 peccandi

360 3943 523 4010 lubidinem
548 3943 732 4026 expleveri53
759 3947 808 4007 sed

362 4054 414 4114 tibi
446 4054 511 4135 post
541 4073 659 4135 peccata
685 4056 810 4143 superest

228 4182 230 4193 ·
362 4159 475 4244 semper
502 4159 628 4221 malitiae
647 4164 752 4243 copia,
771 4164 811 4222 ita

361 4284 392 4325 ut
402 4288 549 4351 nunquam
572 4289 605 4330 ea
617 4270 743 4350 patiatur
758 4269 811 4329 de-

890 2985 1095 3047 minutionem.
1104 2979 1168 3042 Alii
1180 2981 1315 3049 aberrant

890 3111 960 3152 vero
981 3086 1072 3151 sensu.

930 3215 945 3271 5
976 3193 1048 3274 Quo
1074 3193 1210 3253 iniustior
1239 3197 1283 3256 est
1311 3222 1315 3255 i

889 3302 1068 3384 aegritudine
1097 3297 1270 3375 aecusator,
1287 3300 1315 3360 ln

891 3409 1048 3491 patientius
1065 3404 1150 3467 illum
1163 3406 1218 3468 sert
1233 3453 1246 3480 ,
1267 3411 1315 3469 mii

889 3514 1045 3599 exemp103
1059 3533 1091 3575 ut
1104 3512 1140 3573 ad
1157 3517 1283 3603 aequius
1302 3518 1314 3576 i

890 3626 1041 3687 dicandam
1063 3642 1126 3683 rem
1147 3621 1272 3687 abducat
1289 3624 1315 3685 lu

889 3736 1011 3795 minent.
1044 3727 1168 3795 Causam
1189 3751 1262 3790 veto
1284 3733 1315 3793 al

893 3843 984 3903 tionis
1016 3841 1102 3902 etiam
1126 3833 1234 3915 subesse
1261 3846 1315 3924 pol

889 3945 998 4018 aliam,
1023 3965 1110 4028 quam
1141 3944 1246 4005 odium
1282 3944 1315 4008 su

891 4054 964 4114 bene
989 4056 1096 4138 regerit
1124 4053 1255 4119 nesciens
1281 4060 1315 4142 ip

892 4180 990 4221 veram
1014 4157 1133 4220 carisam.

937 4263 1117 4331 61nfirmior
1137 4272 1231 4350 ratio,
1254 4297 1315 4362 qun
