2809 5234
887 392 911 592 Ι
1696 586 1700 596 ι

419 738 428 747 ο

1012 848 1773 924 PHORM10.·
2266 862 2419 949 ’147ι

467 1012 841 1108 Phaedria,
874 1032 1140 1112 patrem
1175 1031 1257 1086 ut
1290 1009 1732 1084 extimescam
1772 1030 1793 1066 ¹
1819 1065 1846 1103 ,
1867 1004 2079 1085 ubiin
2099 1030 2414 1092 mentem

868 1137 1013 1208 eius
1048 1133 1346 1211 adventi
1388 1146 1416 1181 ²
1463 1132 1661 1205 venit
1689 1133 1724 1203 ’ἓ

476 1257 704 1351 Quod
753 1255 825 1327 ni
868 1273 890 1316 ³
935 1252 1203 1327 fuiffem
1252 1253 1645 1351 incogitans
1673 1305 1700 1344 ,
1740 1251 1837 1324 ita
1883 1276 2046 1326 eum
2075 1252 2423 1352 exspessad,

863 1402 1010 1449 rem
1042 1430 1067 1467 ‚
1126 1396 1206 1449 ut
1264 1401 1391 1472 par
1441 1373 1599 1448 fuit.

471 1504 565 1576 P.
604 1502 798 1594 Quid
830 1501 1001 1576 istuc
1034 1521 1069 1564 ⁴
1098 1506 1125 1574 ?
1157 1509 1252 1576 A.
1286 1498 1599 1597 rogitas?
1645 1497 1769 1597 qui
1815 1517 1962 1570 tam
1993 1499 2269 1574 audacis
2308 1498 2418 1576 fa.-¹

874 1625 1132 1698 cinoris
1174 1623 1347 1697 mihi
1388 1620 1706 1698 conscius

478 1747 640 1822 Sis?
686 1749 882 1846 quod
937 1749 1212 1820 utinam.
1252 1771 1338 1817 ne
1401 1743 1817 1817 Phormioni
1871 1742 1946 1816 id
2002 1742 2285 1818 suadere
2344 1743 2426 1821 in·

866 1888 1168 1943 mentem
1197 1866 1536 1941 incidisset
1558 1919 1581 1957 ,
1758 1888 1763 1894 ·
2375 1888 2415 1976 5

477 1996 641 2068 Neu
672 2018 784 2067 me
819 1993 1145 2090 cupidum
1187 2015 1276 2065 eo
1319 2011 1339 2051 τ
1384 1990 1759 2090 impuliffet
1787 2047 1812 2086 ,
1856 1992 2050 2092 quod
2095 1992 2190 2066 mi
2225 1991 2426 2090 prin-2

856 2117 1116 2212 cipium
1163 2113 1259 2187 est
1325 2115 1514 2187 mali.

475 2242 643 2314 Non
706 2239 977 2338 potitus
1044 2236 1303 2323 essem3
1355 2234 1588 2309 fuiffet
1637 2253 1791 2308 tum
1837 2234 1999 2310 illos
2050 2235 2147 2308 mi
2220 2258 2426 2336 aegre

868 2361 1144 2458 aliquot
1198 2359 1344 2432 dies
1375 2368 1405 2405 ⁴
1445 2382 1464 2431 ε

483 2486 577 2555 At
624 2507 772 2563 non
825 2482 1236 2580 quotidiana
1283 2490 1450 2555 cur‘a
1511 2482 1681 2554 haec
1747 2498 2034 2580 angeret
2087 2482 2428 2575 animuma-

876 2605 960 2674 P.
1024 2601 1236 2674 audio
1272 2619 1328 2676 ⁷.

479 2733 571 2798 A.
603 2724 799 2798 Dum
824 2721 1143 2821 exspeao
1171 2781 1198 2816 ,
1234 2751 1444 2824 quam
1483 2753 1652 2801 mox
1691 2726 1968 2819 veniat,
2011 2728 2136 2828 qui
2165 2728 2424 2806 adimat

872 2854 1053 2928 hanc
1098 2854 1270 2927 mihi
1308 2855 1887 2933 consuetudinem
1923 2860 1977 2932 ⁸.

559 3114 592 3154 ει
626 3093 746 3172 Qui
789 3111 1131 3174 peccarunt,
1181 3098 1366 3178 magis

481 3216 740 3258 metuunt
772 3219 873 3257 eos
891 3241 908 3270 ‚
933 3219 968 3257 a
992 3199 1199 3284 quibus
1244 3222 1368 3261 ma-

481 3307 630 3365 xime
675 3302 1011 3385 diliguntur.

565 3433 596 3469 2
644 3407 847 3470 Genit.
875 3411 1167 3493 antiquus.

567 3539 592 3596 3
680 3514 932 3600 Elegans
999 3514 1367 3598 pleonasmus

480 3644 591 3702 pro
620 3624 757 3702 'usti
795 3625 880 3682 uti
920 3645 1056 3683 mox
1094 3628 1235 3705 quod
1256 3627 1364 3686 uti-

480 3745 621 3781 nam.

564 3849 602 3898 4
638 3824 913 3884 Phaedria
938 3846 1236 3886 extenuare
1259 3846 1369 3887 vo-

482 3929 609 3990 lens
686 3947 899 3987 metum
956 3928 1321 4009 Antiphonis
1347 3974 1368 4006 ,

482 4015 781 4119 ignarumj
837 4035 986 4094 unde
1044 4033 1151 4115 ipsi
1211 4053 1366 4097 tanta

483 4143 813 4205 sollicitudo
838 4138 947 4203 effe
988 4142 1176 4225 possit,
1204 4141 1370 4207 fimu-

481 4246 607 4308 lans
634 4293 650 4320 ‚
691 4245 911 4308 causam
942 4269 1126 4331 rogat.

568 4375 596 4432 5
637 4352 777 4416 Seu.
806 4355 873 4416 in
903 4357 1152 4438 nuptias.

1617 3105 1650 3157 6
1681 3093 1871 3170 Vide,
1896 3119 2065 3180 quam
2099 3098 2428 3160 adolescen-

1536 3221 1620 3262 tes
1648 3202 1749 3262 sint
1779 3203 2087 3284 prudentes
2109 3207 2242 3283 post
2276 3227 2423 3287 pec..

1534 3328 1670 3369 cata.
1705 3309 1777 3374 Et
1811 3308 1939 3369 sane
1975 3309 2222 3390 primam
2251 3313 2422 3392 cupi-

1536 3413 1774 3473 ditatem
1801 3412 2020 3474 facilius
2052 3415 2131 3473 est
2159 3415 2429 3494 vincere,

1541 3538 1713 3600 quam
1744 3515 2227 3579 consuetudinem.

1582 3643 1616 3694 7
1640 3622 2002 3706 Indignantis
2029 3619 2069 3682 s.
2095 3623 2427 3694 irridenda

1527 3728 1686 3810 quod
1716 3727 2127 3808 Antiphonem
2153 3728 2425 3793 fortunae

1533 3831 1658 3893 strae
1684 3836 1985 3913 poenitere
2026 3837 2297 3898 vide-atus.

1618 3939 1649 3993 8
1680 3929 1981 3997 Amatorie
2009 3941 2255 3999 maxime
2278 3939 2419 3996 haec

1533 4039 1705 4114 dicit,
1737 4061 1768 4099 e
1800 4043 2004 4126 quibus
2038 4047 2228 4106 videas
2249 4089 2267 4116 ‚
2298 4043 2416 4101 ho·-

1534 4146 1753 4207 nestum
1795 4150 2061 4211 iuvenem
2109 4172 2229 4210 non
2257 4171 2418 4231 poe-⁴

1541 4252 1721 4310 nitere
1747 4257 1994 4326 amoris,
2019 4254 2113 4315 sed
2152 4255 2420 4329 maritum

1537 4357 1766 4421 firmum
1788 4355 1931 4418 fore.

1948 4434 2088 4506 Ka
