2809 5234
91 208 1315 386 uta-:-

393 688 469 789 306
555 648 560 665 '
637 691 677 770 t.
734 656 1136 771 rnnartrr'r

393 851 492 927 Sed·
520 848 589 926 iam
614 852 715 951 prior
739 875 948 931 amor⁸me
971 851 1135 929 adhanc
1167 874 1315 931 reme

604 976 779 1051 citatum
806 979 977 1052 reddidit:

394 1109 515 1205 Quem
541 1132 607 1206 ego
629 1127 706 1182 tum
722 1109 867 1184 confilio
882 1108 1020 1184 miffun
1035 1106 1135 1203 feei,
1152 1109 1286 1186 eidem
1300 1139 1315 1187 t

606 1254 748 1327 operam
775 1231 866 1304 dabo
885 1251 912 1305 4.

394 1351 503 1443 Adest
514 1353 683 1427 Parmeno
700 1376 780 1426 cum
792 1355 917 1451 pueris.
945 1353 1040 1429 hunc
1055 1351 1214 1429 minime
1233 1354 1315 1431 est<

395 1475 437 1546 ln
451 1473 514 1545 hac
536 1498 573 1545 re
586 1469 696 1544 adesse
713 1498 722 1542 :
738 1496 816 1543 nam
830 1472 917 1544 olim
938 1473 1004 1546 soli
1021 1470 1176 1564 credidi,

393 1598 447 1669 Ea
458 1620 514 1667 me
530 1591 722 1666 abstinuiffe
741 1593 778 1665 in
799 1594 993 1693 principio,
1013 1620 1094 1668 eum
1114 1594 1208 1669 data
1222 1595 1296 1673 est.

395 1723 433 1798 N
436 1744 561 1808 creor,
586 1717 611 1789 st
637 1717 826 1790 clamorem
845 1717 919 1792 eius
934 1717 991 1792 hic
1007 1717 1137 1792 crebro
1159 1719 1315 1811 audiat¹

395 1846 453 1919 Ne
473 1842 645 1941 parturire
670 1843 861 1942 intellegat.
882 1842 1002 1944 aliquo
1016 1844 1103 1916 mihi
1122 1843 1181 1918 est

397 1969 489 2044 Hinc
508 1967 737 2065 ablegandus,
765 1969 849 2042 dum
875 1969 966 2066 parit
987 1966 1220 2049 Philumena.

500 2175 705 2249 Aeros
755 2174 852 2243 111.
906 2171 1107 2241 scanz
1160 2176 1292 2253 Vn·

487 2351 749 2440 prunam,
794 2350 951 2442 sostn,
993 2347 1287 2430 PAttPfflLUS.

399 2575 483 2646 Par.
490 2475 632 2653 ΑΗ
642 2587 683 2641 ttt
701 2566 735 2660 ‘‚
750 2565 814 2640 tibi
834 2565 1099 2640 incommodum
1113 2569 1285 2645 eveniss'e
1301 2570 1315 2644 i

400 2698 442 2771 S.
464 2695 548 2769 Non
569 2693 685 2767 hercle
702 2691 845 2780 verbis,
864 2692 1056 2780 Parmeno,
1076 2687 1148 2762 dici
1169 2695 1303 2788 potest

444 2964 456 3004 1
486 2942 575 3024 Capit
602 2936 715 2996 tandem
743 2956 778 2994 ex
793 2954 843 2994 ne·
966 2951 980 3008 5
996 2927 1237 2994 Scenaeomicos
1248 2935 1315 2999 lusu

400 3050 520 3112 cessitate
537 3046 685 3126 eonsilium
699 3042 781 3103 forte.
926 3043 996 3102 bena
1009 3087 1017 3115 ‚
1030 3041 1158 3121 primum
1183 3039 1313 3108 servom

444 3178 461 3215 2
480 3155 547 3214 Seil.
565 3150 721 3211 Bacchidis.
925 3150 1028 3209 itinere
1046 3144 1245 3207 fabulantium
1260 3152 1315 3232 de]

445 3284 458 3338 3
474 3261 541 3322 Stil.
557 3261 585 3319 id
605 3258 751 3325 edostnm,
765 3253 844 3336 quod
926 3253 997 3312 culis
1012 3251 1124 3312 itineris
1138 3256 1307 3328 maritimi,

401 3371 466 3432 cic.
476 3367 562 3429 Tusc.
572 3365 626 3438 Ν,
637 3386 668 3442 35
682 3360 748 3431 [74
757 3359 791 3420 lic
800 3360 841 3419 di·
923 3355 1112 3419 Parmenonis
1126 3357 1315 3421 arnaudatior

404 3480 457 3536 eit:
470 3475 557 3534 Etiam
566 3495 632 3532 noro
644 3471 748 3551 puidam
758 3488 842 3525 amore
966 3474 983 3524 6
997 3462 1078 3542 Quae
1091 3459 1221 3524 formula
1233 3466 1315 3525 admi

405 3603 512 3641 vnncm
527 3599 637 3636 aaronem
649 3595 781 3653 tamqnam
790 3573 844 3633 cla·
926 3574 963 3635 tis
979 3568 1061 3631 refert
1075 3566 1101 3626 se
1114 3568 1209 3642 adea,
1223 3592 1315 3654 quae:

404 3707 439 3746 vo
451 3683 717 3743 clavnneiicinnlnm
737 3698 841 3760 putant.
927 3680 961 3740 de
976 3677 1087 3737 itineris
1104 3674 1247 3734 maritimi
1265 3700 1315 3759 per

428 3816 453 3866 ¹n
466 3790 660 3848 Dellinavernt
669 3791 725 3847 iam
733 3781 844 3846 millam
926 3785 963 3847 lis
973 3785 1103 3847 maximis
1112 3784 1285 3845 nataverat.
1299 3787 1315 3848 l

403 3898 495 3961 facere
517 3914 653 3964 uxerem3
668 3889 714 3950 led
721 3892 843 3972 fialitudi-
926 3887 1072 3969 supralll‚
1084 3906 1095 3945 t
1108 3883 1233 3967 Pamph.
1242 3889 1315 3948 redit

405 4032 463 4071 nent
472 4007 532 4065 odit
550 4026 556 4059 :
576 4005 670 4084 itaque
685 4023 761 4061 nunc
771 4021 845 4060 vete·
925 3998 1050 4057 hanccine
1070 4016 1114 4078 ego
1131 3996 1216 4058 vitam
1226 3997 1308 4078 parfi
1314 4067 1315 4075 ἵ

406 4137 466 4176 tem
488 4131 615 4171 amorem
642 4128 791 4189 repetere,
817 4115 845 4168 dt
927 4104 993 4163 dere.

299 4276 303 4286 ,
403 4214 442 4290 fic
455 4214 502 4277 fibi
516 4209 662 4277 consulere
682 4210 786 4279 statuit,
825 4284 829 4292 p
