2809 5234
2159 920 2256 978 m

317 1141 479 1317 IN
526 1233 747 1308 tribus
795 1235 1108 1308 Terenti1
1155 1230 1403 1304 fabulis
1428 1286 1450 1318 ,
1494 1257 1674 1329 quae
1718 1234 1923 1307 nobis
1965 1234 2254 1333 supere·-

308 1352 470 1409 rant
504 1334 887 1423 curandae,
929 1357 1073 1404 non
1106 1333 1322 1403 modo
1364 1356 1508 1402 non
1539 1332 1919 1407 remisimus
1953 1336 2264 1434 diligenq

308 1433 520 1520 tiam,
555 1429 672 1504 sed
702 1431 1228 1503 &intendimus
1265 1429 1403 1500 hoc
1444 1432 1703 1526 magis,
1739 1434 1935 1530 quod
1975 1434 2252 1508 iliarum

311 1531 682 1604 lectionem
735 1522 963 1626 neque
1022 1528 1250 1601 adhuc
1299 1526 1454 1598 satis
1494 1529 1978 1620 emendatam,
2030 1533 2254 1605 immo

311 1627 546 1727 paffim
580 1630 835 1700 mirum
865 1643 1199 1724 quantum
1228 1622 1576 1714 affeffim,
1616 1652 1843 1726 neque
1885 1629 2258 1706 artificium

313 1730 398 1801 &
427 1727 845 1813 orationem,
883 1728 1077 1822 quod
1099 1723 1388 1796 decebat
1413 1776 1436 1811 ,
1461 1722 1656 1795 funffe
1691 1727 1995 1822 exposita
2028 1731 2254 1801 anim-

313 1824 854 1897 adverteramus.
911 1822 1160 1897 Melius
1206 1821 1360 1894 sane
1422 1847 1608 1895 nunc
1647 1823 1721 1895 in
1764 1851 1973 1922 quam
2032 1828 2258 1924 pluri·-

312 1922 447 1996 mis
483 1923 657 1995 locis
695 1921 1017 2020 procedit
1060 1921 1308 2011 lectio,
1346 1945 1557 2018 quam
1611 1927 1981 2019 quomodo
2029 1929 2257 2001 adhuc

314 2020 391 2093 in
424 2021 847 2094 editionibus
879 2020 1244 2109 omnibus,
1277 2043 1599 2090 maxume
1631 2073 1654 2108 ,
1683 2047 1859 2118 quae
1916 2024 2195 2097 Heinsio
2226 2078 2256 2117 ,

315 2119 589 2191 Critico
638 2118 903 2217 saepius
954 2117 1294 2215 degenere
1328 2169 1353 2206 ,
1397 2139 1771 2212 praeeunte
1796 2173 1819 2208 ,
1868 2124 1955 2192 ab
2021 2122 2257 2195 edito-

314 2241 477 2289 rum
519 2217 740 2316 vulgo
771 2215 1201 2290 circumferri
1241 2212 1639 2302 consuevit,
1681 2216 2053 2291 constituta
2086 2239 2259 2297 erat.

315 2314 596 2392 Scilicet
642 2315 920 2405 nostra,
964 2316 1197 2385 denuo
1247 2313 1328 2384 &
1384 2337 1546 2385 cum
1592 2311 1998 2389 lestionibus
2053 2339 2259 2391 vete-

316 2436 480 2485 rum
511 2413 870 2485 auctorum
894 2465 919 2503 ,
959 2413 1079 2523 qui
1107 2408 1419 2482 nostrum
1459 2410 1868 2503 laudarunt,
1909 2415 1982 2486 in
2019 2418 2258 2511 primis

317 2510 594 2583 Donati
644 2511 1091 2605 interprens·,
1133 2529 1283 2580 tum
1327 2508 1611 2580 Codicis
1648 2515 1962 2584 omnium
1992 2566 2017 2603 ,
2052 2516 2258 2613 quid-

320 2607 493 2704 quid
517 2608 888 2704 ogganniat
916 2606 1301 2698 Bentleius,
1337 2606 1692 2703 principis,
1724 2610 2059 2700 Bembini‚
2089 2634 2261 2688 cett·

318 2727 506 2802 quos
551 2708 892 2791 Faernus,
931 2705 1251 2800 princeps
1300 2705 1558 2798 pariter
1615 2723 1846 2781 textus
1885 2710 2260 2785 Terentia-

318 2802 395 2875 ni
454 2801 904 2891 emendator,
957 2801 1558 2897 Lindenbrogius,
1604 2804 1965 2879 ·Bentleius
2005 2862 2028 2898 ,
2087 2811 2260 2901 alii,

317 2900 735 2997 praecipuos
786 2897 1137 2989 habuere,
1208 2901 1289 2969 ὅ(
1340 2923 1501 2970 cum
1565 2899 1984 2975 editionibus
2050 2933 2258 3003 prae-

317 2996 774 3072 stantioribus·
801 3051 825 3089 ,
896 2994 1266 3068 vetustiori
1339 2994 1571 3067 ncffira
1644 3000 2202 3094 Argentoratensx
2234 3058 2262 3094 ,

316 3096 718 3167 Tarvifinae
753 3092 803 3167 s.
844 3093 1375 3166 Mediolanenfis
1421 3092 1562 3164 filia
1593 3146 1616 3183 ‚
1668 3119 1846 3192 quae
1885 3094 2000 3169 sua
2051 3104 2261 3174 etiam

315 3193 662 3291 quaedam
730 3189 942 3262 habet
970 3242 995 3280 ,
1055 3191 1396 3263 Erasmica
1451 3191 1763 3288 principe
1805 3247 1829 3285 ,
1905 3218 2264 3291 praeterea

317 3290 606 3382 Faerni,
644 3288 905 3359 Mureti
936 3340 962 3376 ,
994 3284 1487 3387 Lindenbrogii
1520 3344 1543 3379 ,
1583 3291 1841 3364 Heinfii
1869 3346 1895 3382 ,
1947 3297 2262 3371 Boecleri

320 3390 401 3460 &
432 3388 742 3487 Guyeti,
774 3385 993 3477 Parei,
1020 3385 1414 3475 Dacieriae‚
1441 3388 1909 3463 Westerhovii
1943 3391 2261 3468 observa·

314 3485 628 3560 tionibus
662 3487 918 3560 collata
952 3486 1033 3559 &
1074 3487 1497 3579 examinata,
1536 3488 1630 3581 ita
1684 3515 1892 3588 quam
1939 3494 2261 3588 proxime

315 3585 507 3658 abest
556 3613 595 3661 a
636 3587 905 3660 Codice
965 3587 1351 3677 Bembino,
1398 3604 1477 3656 ut
1540 3587 1671 3658 alia
1723 3590 1911 3663 nulla
1952 3618 1971 3661 ι
2021 3596 2099 3664 ὅ(
2138 3596 2258 3666 ubi

318 3684 504 3756 illius
531 3737 557 3773 ,
607 3711 694 3756 ne
754 3685 982 3756 dicam
1030 3689 1426 3755 ceterorum
1452 3736 1475 3772 ,
1518 3684 1724 3758 leaio
1764 3691 2037 3763 turbata
2069 3711 2261 3784 erat,

322 3802 515 3848 nova
566 3781 848 3874 quidem
878 3832 901 3868 ,
932 3777 1048 3850 sed
1090 3799 1275 3851 certe
1314 3783 1401 3851 ad
1443 3779 1669 3852 iensus
1709 3785 2110 3861 Terentiani
2144 3817 2258 3862 ra·

325 3875 595 3942 tionem
635 3876 870 3947 verius
921 3875 1174 3946 directa
1212 3876 1328 3946 est.
1377 3878 1599 3967 Quod
1639 3883 1733 3952 ut'
1762 3883 2028 3960 facilius
2059 3891 2258 3959 evin-

322 3993 684 4061 ceremus,
732 3969 1143 4043 subiecimus
1194 3974 1566 4067 ampliores
1598 4029 1623 4064 ,
1672 3985 1924 4074 partim
1971 4013 2055 4057 ex
2095 3988 2261 4057 Do-

322 4089 494 4140 nato
532 4067 815 4166 aliisque
854 4069 1348 4165 interpretibus
1387 4094 1794 4167 excerptas3
1831 4084 2076 4174 partim
2119 4106 2258 4152 no..

324 4193 449 4245 vas
489 4168 753 4243 nostras
794 4187 1031 4258 notas,
1057 4167 1143 4239 ad
1164 4167 1688 4264 intelligentiam
1719 4175 2088 4249 artificii&
2119 4177 2261 4255 ser-

324 4271 555 4342 monis
584 4267 985 4342 Terentiani
1007 4269 1568 4340 accommodatas
1597 4293 1620 4354 ;
1646 4296 1820 4367 quas
1849 4276 1965 4367 qui
1991 4274 2260 4371 sapien·-

325 4367 543 4442 tiores
596 4369 722 4443 fibi
774 4366 931 4441 sunt
964 4419 989 4460 ,
1031 4370 1108 4442 ὃ(
1153 4365 1503 4465 elegantes
1553 4366 1630 4443 in
1679 4368 1950 4467 legendi
1986 4374 2257 4456 fastidio

1868 4493 1909 4543 a

2266 4513 2291 4525 -.
