2809 5234
262 863 311 936 62
522 851 997 929 ΕΤΕΚΕΝΤῙῙ

263 1017 361 1113 Quid
381 1015 467 1090 mihi
486 1014 674 1113 respondes
693 1034 703 1067 ¹
723 1019 738 1092 2
763 1019 817 1091 D.
837 1012 981 1089 fratrem
998 1018 1236 1116 conveniam,

453 1132 600 1236 Hegio-⁴

263 1269 346 1339 3.*
375 1261 469 1352 Sed,
500 1261 662 1353 Demea,
688 1262 760 1335 hoc
793 1280 835 1335 tu
869 1261 977 1337 facito
1002 1287 1084 1337 cum
1112 1260 1234 1337 animo

459 1384 623 1485 cogites,

262 1509 379 1600 Quam
390 1503 636 1581 vosfacillume
647 1502 746 1601 agitis
767 1527 906 1606 1‚quam
918 1505 995 1582 estis
1007 1532 1168 1581 maxume
1187 1528 1229 1607 55

264 1636 454 1719 Potentes,
474 1628 588 1718 dites,
608 1626 808 1715 fortunati,
833 1629 991 1702 nobiles:

264 1754 354 1826 Tam
379 1771 538 1821 maxume
562 1770 628 1820 vos
648 1770 765 1845 aequo
785 1747 902 1821 animo
925 1774 1034 1848 aequa
1055 1750 1198 1826 noscere
1216 1771 1234 1816 ⁴

265 1880 441 1972 Oportet,
464 1872 488 1945 fi
516 1896 583 1945 vos
603 1872 716 1948 voltis'
731 1870 905 1970 perhiberi
923 1873 1067 1968 probos.

265 2003 318 2070 D.
333 1996 462 2068 Redito
482 2015 493 2061 ι
508 2022 517 2068 t
534 1993 618 2070 dent
627 2050 642 2086 ,
655 2020 745 2094 quae
759 1994 834 2068 fieri
844 2018 994 2092 aequom
1010 1994 1081 2083 est,
1099 1997 1232 2073 omnia.

265 2121 313 2190 H.
336 2117 450 2190 Decet
471 2136 506 2191 te
536 2115 660 2193 facere.
686 2121 803 2208 Geta,
818 2116 885 2189 duc
907 2137 962 2187 me
988 2114 1082 2186 intro
1102 2119 1145 2186 ad
1163 2122 1232 2188 So-

460 2238 610 2316 stratam.
1179 2242 1230 2307 60

264 2371 316 2440 D.
336 2369 420 2440 Non
447 2391 503 2437 me
527 2366 699 2439 indicente
717 2373 732 2412 ‘
753 2364 837 2436 haec
860 2360 974 2434 fiuntc
1000 2359 1131 2433 utinam
1157 2358 1229 2432 hoc

461 2487 501 2558 srt
527 2490 638 2561 modo

265 2610 477 2684 Defundium
496 2630 536 2682 ⁷:
562 2637 686 2685 verum
712 2610 818 2682 nimia
841 2608 941 2681 illaec
966 2608 1105 2682 licentia

262 2728 425 2808 Profedio
446 2731 571 2802 evadet
590 2732 626 2803 in
650 2712 794 2830 aliquod
814 2755 976 2828 magnum
994 2731 1134 2806 malum.

308 2989 321 3029 1
341 2969 538 3052 Responderut
557 2968 707 3032 accusanti.

305 3100 320 3135 2
338 3077 414 3137 Bene
438 3078 515 3138 addit
536 3077 592 3136 hoc
612 3078 708 3137 moni-

264 3204 347 3259 tum,
379 3206 438 3269 quo
469 3185 560 3266 magis
597 3183 709 3244 Demea

263 3293 305 3352 rei
324 3293 472 3365 intentus,
492 3311 577 3372 quani
594 3289 707 3362 Micio,

265 3420 351 3481 quem
367 3419 469 3458 omnes
489 3415 592 3456 notant
608 3395 706 3456 huma-

265 3524 333 3561 num
353 3505 519 3578 hominem,
537 3510 565 3562 δι
584 3522 708 3586 aequum

265 3618 367 3676 virum.

308 3741 322 3796 3
337 3719 366 3779 h.
381 3741 407 3779 e.
420 3720 476 3781 sine
487 3723 585 3784 daborc
598 3721 703 3782 vivitis.

305 3845 325 3896 4
340 3819 367 3880 h.
383 3843 408 3880 c.
424 3845 531 3905 aequos
547 3821 611 3886 effe.

308 3944 322 4001 5
354 3923 415 3984 Iam
442 3924 555 3985 abeunti
576 3926 709 4010 Hegioni

266 4029 324 4092 hoc
342 4032 420 4091 dicit.

308 4152 325 4203 6
350 4141 378 4201 h.
400 4161 424 4200 e.
446 4160 506 4198 non
525 4140 655 4215 dicente,
675 4163 705 4204 ut

265 4260 313 4321 ap.
334 4240 400 4300 Liv.
426 4239 542 4316 XXII,
576 4264 622 4320 39.
655 4244 706 4305 sie

266 4339 385 4405 Phorm.
400 4341 450 4420 V,
471 4368 509 4422 9,
531 4367 566 4423 57
587 4348 710 4409 inditium

789 2997 845 3057 pro
864 2999 915 3037 non
934 2977 1045 3047 diuum
1063 2982 1090 3032 de
1111 2975 1141 3031 in
1163 2970 1229 3032 vul-

791 3103 844 3164 gus
865 3102 934 3144 nota
959 3083 998 3142 est
1021 3081 1061 3140 est
1088 3077 1231 3150 formula,

791 3189 888 3247 indicta
903 3192 981 3268 causa
992 3188 1122 3245 damnare.
1147 3181 1225 3241 Mula

790 3311 851 3350 tum
880 3311 976 3351 autem
997 3289 1182 3360 clamaverat,
1201 3297 1230 3346 δι

788 3419 844 3479 pto
861 3396 911 3458 suo
929 3417 1009 3457 motc
1024 3398 1136 3478 gravius
1153 3395 1231 3450 dixe·

789 3524 830 3565 rat
847 3503 972 3587 supral,
994 3525 1026 3575 a,
1047 3502 1095 3560 ubi
1121 3501 1179 3558 vid.
1200 3522 1229 3560 v.

791 3636 826 3693 59
844 3613 886 3700 sq.

828 3744 845 3795 7
867 3717 972 3783 Paffive
993 3739 1048 3802 pro
1061 3718 1227 3801 superatum,

781 3826 915 3905 fiirieum
932 3845 962 3885 ιιι
974 3844 1021 3905 ap.
1039 3820 1104 3882 Liv.
1121 3817 1165 3892 11,
1190 3838 1225 3896 35

791 3930 848 3986 Sed
864 3931 930 3989 adeo
955 3926 1053 4011 infenfia
1071 3945 1125 3987 enat
1142 3943 1229 3987 coorto

783 4035 875 4117 plebs,
894 4054 925 4096 au
942 4038 1022 4095 unius
1032 4055 1117 4114 poena
1132 4029 1226 4111 defun-

763 4143 896 4224 ·gendum
935 4139 994 4219 mser
1027 4140 1157 4218 patri'bus.
1191 4135 1229 4200 cf.

787 4239 1033 4320 PhormY,1o',
1058 4261 1105 4322 3²·
1124 4239 1167 4329 sq.
