2809 5234
266 591 281 621 d

445 817 822 893 unoauto
1048 780 1175 909 ιη”

153 979 233 1062 Sine
244 981 360 1057 nostra
368 1004 469 1070 cura,
481 975 709 1053 maxumesua
720 1003 802 1052 cura
812 976 898 1051 haec
909 974 982 1050 sola
990 974 1074 1051 fecit
1094 994 1121 1055 ¹.

154 1113 192 1183 S.
215 1110 317 1182 Nunc
338 1103 423 1203 quid
447 1126 535 1197 opus
554 1099 644 1172 fauo
668 1096 732 1188 fit,
752 1095 833 1173 vide
852 1110 893 1164 ²:
915 1110 1014 1192 pater
1032 1094 1121 1168 ado·

343 1223 500 1304 lescentis
525 1219 653 1310 venit,
1024 1220 1028 1236 '
1072 1229 1115 1307 35

152 1355 312 1451 Eumque
334 1348 452 1423 animo
473 1344 597 1443 iniquo
628 1343 700 1418 hoc
725 1338 860 1439 oppido
892 1335 983 1412 ferre
1009 1336 1120 1410 aiunt.

356 1470 397 1542 C.
416 1463 503 1537 nihil
518 1460 639 1561 pericli
658 1460 718 1536 est.

102 1619 103 1623 ’
152 1595 219 1670 Sed
241 1617 304 1692 per
327 1590 414 1665 deos
440 1606 545 1685 atque
573 1587 759 1674 homines,
780 1606 894 1656 meam
928 1580 996 1657 effe
1025 1580 1117 1658 hanc

315 1791 320 1805 ,
352 1739 439 1790 cave
461 1708 618 1786 resciscat
635 1706 827 1808 quisquam.

153 1838 195 1914 S.
217 1837 332 1912 Nemo
353 1861 397 1909 ex
417 1859 474 1908 me
498 1831 597 1907 scibit
615 1853 651 1909 ι..
664 1836 705 1909 C.
721 1831 867 1933 sequere
886 1855 943 1907 tue
966 1828 1120 1906 :intus4

339 1973 457 2059 cetera
479 1953 615 2032 audies.

271 2163 466 2239 ACTUS
522 2161 564 2230 V.
618 2159 831 2231 SCENA
891 2159 963 2234 1.t

347 2338 672 2430 ΒΕΜΙΡΗΟ,
715 2337 891 2413 GETA.

152 2539 207 2616 D.
210 2447 465 2631 Nostrapte
480 2533 583 2632 culpa
594 2533 760 2628 facimus,
776 2550 817 2608 ut
837 2533 935 2609 malis
959 2533 1119 2632 expediat

361 2654 455 2746 effe,

196 2892 209 2934 r
224 2871 307 2936 Haec
322 2871 490 2942 muliercula
498 2896 599 2959 egens,

153 2975 273 3051 deserta,
286 2977 353 3040 fecit
362 2977 410 3043 sua
421 2985 507 3055 cura(
518 2984 600 3043 adiu-

151 3083 286 3149 vantibus
301 3085 405 3164 Diis),
419 3085 499 3168 quod
509 3103 539 3143 ut
550 3082 602 3143 sie-

151 3205 194 3252 ret
213 3207 268 3244 nos
282 3184 369 3246 ambo
385 3186 508 3245 maxime
523 3206 597 3268 ope·

150 3314 213 3353 ram
226 3293 376 3354 dabamus·
398 3292 443 3353 lta
460 3291 535 3366 sorte
553 3311 596 3357 te·

148 3397 593 3479 merercscupitactcnirChrc-

147 3506 226 3570 rncti.
242 3503 331 3566 Forte
343 3503 452 3567 fretum
468 3526 527 3566 erat
538 3551 547 3581 ‚
558 3525 590 3568 ut

145 3610 333 3673 interveniret
345 3610 528 3682 adolescens,
541 3614 593 3694 qui

145 3707 305 3777 lacrumans
319 3731 444 3772 narraret
458 3714 491 3770 de
504 3715 592 3794 virgi·

146 3831 184 3873 tte
195 3806 298 3876 misera
308 3853 317 3883 ‚
329 3828 360 3868 ut
373 3813 445 3869 Ant.
462 3832 592 3870 commo·

145 3937 193 4007 tus
214 3936 278 3976 cam
303 3915 415 3989 adiret,
446 3913 592 3997 visamque

145 4021 240 4084 statim
260 4038 376 4087 amaret.
392 4018 514 4102 Nuptiis
529 4038 595 4078 cort·

145 4132 231 4201 suluir
244 4136 339 4197 nutrix
350 4131 411 4194 sola
419 4155 428 4208 3
436 4132 472 4194 cf.
485 4156 511 4197 t.
523 4142 539 4193 6
549 4130 591 4218 sq.

679 2871 783 2937 xillum
799 2876 889 2963 petit,
906 2872 941 2935 cf.
958 2896 985 2936 v.
1008 2898 1024 2934 2
1040 2922 1048 2949 ,
1063 2898 1122 2959 quo
1222 2935 1223 2945 ,

681 3005 759 3044 nunc
780 3005 842 3044 non
866 3004 941 3068 opus
968 2975 1040 3053 effe,
1060 2981 1123 3063 ipse

683 3085 785 3146 edicet.

720 3187 857 3269 3‘Scibit
884 3205 979 3247 tamen
1005 3185 1123 3248 aliunde

677 3280 758 3353 Gctd
768 3313 779 3368 3
791 3292 861 3353 hinc
872 3312 954 3352 crunt
969 3290 1063 3376 iurgia
1074 3296 1123 3356 in·

677 3418 720 3458 ter
743 3397 839 3480 ipsum
868 3406 895 3458 &
925 3417 1068 3468 uxorem,
1092 3406 1121 3458 &
1220 3480 1222 3487 Υ

677 3504 832 3568 Phaedriae
848 3505 989 3565 securitas.

716 3612 788 3686 4111
811 3609 928 3670 aedibus
950 3609 1120 3691 Demipho-

676 3716 744 3788 rtis,
759 3735 818 3800 quo
840 3733 896 3775 una
915 3715 1074 3796 ingreditur
1085 3714 1122 3775 ad

678 3814 776 3879 filiam.

716 3938 731 3993 5
760 3919 847 3981 Dent.
874 3940 892 3981 a
919 3920 1121 3991 Phormione,

677 4022 725 4082 cui
751 4043 901 4105 argentum
923 4025 1055 4095 dederat,
1073 4042 1122 4080 re-

677 4131 820 4204 du1,scra
831 4135 983 4215 prudentia
993 4134 1122 4194 animum

186 4261 204 4299 2
220 4239 349 4302 Consilia
365 4231 500 4322 placuisse
513 4240 589 4322 patri
672 4243 867 4325 retorquetad
876 4259 1024 4322 argentum
1036 4238 1122 4301 amis·

159 4341 214 4410 atis
227 4341 335 4408 habeus
342 4387 356 4418 ,
366 4342 402 4408 ab
420 4343 525 4408 codcru
539 4365 594 4408 au·

676 4341 739 4409 sum
748 4365 761 4426 5
775 4344 836 4409 iarn
855 4341 1057 4420 Naufistratara
1068 4364 1120 4406 ro·
