2809 5234
174 880 201 958 4'
488 866 517 939 Α
542 866 580 940 Ν
604 866 642 940 Ι)
666 868 697 940 R
722 867 737 938 1
762 868 791 939 Α
818 868 845 939 1².
1055 958 1059 964 ⁶

111 1002 113 1011 i
176 1027 337 1122 pueliam
357 1031 439 1100 enim
461 1034 581 1103 nubilis
597 1054 665 1101 erat
674 1031 694 1122 )
707 1033 898 1124 Pamphilo,
917 1035 1000 1102 bona
1017 1036 1138 1129 adoles-

173 1157 270 1225 centis
287 1156 438 1247 impulsus
462 1156 580 1259 fama,
601 1159 745 1225 collocare
766 1158 915 1248 cupiebat.
947 1159 1038 1252 Quid
1056 1164 1140 1230 mul-

173 1279 242 1349 ta?
264 1264 345 1349 ultro
367 1283 413 1348 al
434 1281 595 1349 Simonem
615 1282 718 1369 venie,
739 1309 809 1352 turn
832 1307 866 1351 ea
885 1285 1042 1376 negotium
1062 1310 1140 1354 ton·

163 1403 245 1494 ficit.
272 1403 376 1496 Ιιιβίο
395 1402 586 1494 Pamphilo,
607 1380 820 1505 lecommuni
833 1404 947 1496 senum
960 1402 1141 1498 sententia,

164 1527 332 1620 fira'tendis
354 1525 477 1617 nuptiis
496 1526 694 1627 constituitur
709 1529 786 1597 dies.
815 1531 1141 1621 Adhuthaettrant,

169 1679 268 1746 quurn
283 1646 412 1746 Chryfis
425 1652 560 1722 moritur.
582 1652 634 1720 lbi
647 1653 788 1743 primum
802 1653 894 1720 Simo
910 1656 946 1722 de
957 1655 1023 1740 filii
1036 1680 1141 1725 amore

171 1776 329 1872 cognorit.
351 1801 438 1844 nam
462 1802 531 1858 eum
554 1775 646 1857 ambo
669 1801 736 1844 una
757 1777 794 1845 ire
811 1775 920 1866 surt'us
937 1774 1141 1874 proclirffenr,

143 1878 146 1885 Ι
171 1902 308 1986 accidie,
323 1921 380 1987 ut,
430 1899 499 1999 fita
516 1904 551 1969 in
571 1902 673 1994 ignem
698 1896 861 1996 Chryside,
885 1892 1070 1992 Glycerium
1081 1899 1142 1993 se,

166 2050 245 2119 prae
267 2024 384 2093 doloris
408 2024 632 2117 impatientia,
653 2026 754 2093 todem
783 2021 957 2093 toniet‘lura
980 2024 1140 2095 uideretur.
1199 1996 1204 2005 Ι

172 2149 325 2221 Adcurrit
344 2149 552 2240 Pamphilus,
574 2174 698 2240 tamque
722 2148 857 2216 mediam
877 2151 1067 2238 amplexus,
1091 2151 1138 2218 ita

171 2271 324 2365 consolari
348 2274 465 2365 eoepit,
494 2293 530 2340 ue
553 2274 709 2363 plurimas
737 2271 922 2365 minimeque
950 2272 1065 2340 dubias
1091 2294 1140 2340 to·

171 2399 236 2466 tius
259 2399 300 2466 rei
338 2397 567 2491 rgnifieationes
594 2397 689 2466 daret.
723 2395 833 2488 ltaque
855 2394 943 2465 vertit
969 2397 1015 2465 ad
1034 2397 1140 2466 Simo·

130 2498 134 2504 ·
170 2546 240 2589 nem
261 2521 402 2618 postn'dt'e
426 2521 581 2606 Chremes,
604 2520 817 2589 conditionem
842 2520 1030 2589 renuntiat:
1052 2546 1140 2591 com·

165 2642 277 2739 periffe
301 2645 360 2734 si,
391 2644 597 2745 Pamphilum
622 2616 815 2739 peregrinam
843 2647 933 2714 illam
963 2644 1068 2717 hahere
1100 2645 1137 2714 ire

168 2768 285 2839 uxoris
307 2772 373 2838 loto
382 2796 399 2854 ;
426 2768 566 2860 nescius,
595 2795 635 2838 ex
650 2767 687 2859 se
710 2791 821 2839 natam
846 2766 901 2866 effe
926 2796 1019 2855 eam,
1042 2795 1137 2863 quam

169 2891 215 2961 ita
236 2893 435 2962 contumeliae
453 2894 547 2983 causta
562 2895 753 2988 peregrinant
768 2895 954 2963 nominaret.
969 2892 1139 2981 Gaudere,
1204 2878 1211 2894 ⁰

168 3040 205 3086 ea
230 3043 260 3086 re
285 3015 460 3103 intellec‘la,
482 3017 698 3108 Pamphilus:
725 3018 822 3083 dolere
847 3035 974 3096 contra,
995 3043 1032 3084 at
1054 3018 1139 3111 tingi

168 3142 266 3212 Simo.
294 3140 438 3212 Adre'tt'it
459 3141 575 3209 interea
594 3142 680 3223 dies,
698 3139 755 3229 qui
771 3139 892 3228 nuptiis
916 3139 1014 3209 initio
1029 3138 1139 3230 suerat
1181 3166 1193 3189 ·

163 3265 372 3367 praestitutus.
387 3267 498 3346 Simo,
513 3262 688 3345 retentoria
703 3263 839 3354 quadam
852 3263 1038 3351 ealliditate,
1044 3260 1138 3356 fimu-

166 3391 283 3459 landas
294 3387 381 3484 fibi,
398 3393 444 3459 ad
461 3387 703 3480 pertentandum
719 3383 790 3473 filii
815 3386 982 3473 animum,
1004 3388 1137 3477 nuptias

165 3509 303 3606 statuit:
329 3513 384 3582 hot
408 3517 576 3607 cogitans,
593 3508 632 3608 β
651 3510 798 3578 abnueret
814 3507 936 3597 filius,
959 3535 1061 3578 reram
1074 3506 1139 3602 fibi

168 3633 352 3728 obiurgandi
379 3637 467 3708 illius
495 3635 623 3726 causam
644 3631 719 3724 firre
729 3658 746 3717 ,·
777 3657 855 3724 quae
882 3633 929 3700 ad
957 3657 1028 3701 eum
1055 3634 1133 3703 diem

167 3761 258 3828 nulla
270 3756 357 3849 satis
374 3759 452 3859 iusta
463 3760 574 3850 fuerat
586 3781 600 3827 .·
608 3754 668 3855 fite
682 3780 846 3845 annueret,
854 3755 956 3848 facile
965 3756 1026 3850 se,
1048 3758 1134 3850 quod
1191 3828 1196 3837 ,

165 3886 273 3970 vellet,
284 3909 306 3952 a
318 3884 466 3952 Chremete
484 3886 718 3977 impetraturum
724 3912 741 3970 ,·
766 3906 857 3977 atque
875 3883 924 3954 ira
943 3909 1031 3969 utras
1049 3908 1133 3995 nup:

142 4006 145 4016 Ι
166 4006 246 4095 '5⁴²5’
258 3994 344 4090 Diis
356 4008 604 4098 adiuvantibus,
611 4007 736 4100 sae‘lum
757 4010 807 4081 iri.
830 4011 1024 4080 Praeterieris
1031 4007 1137 4103 ⁸igitur

166 4135 252 4223 “Pul
265 4133 375 4224 fi’sum
391 4131 527 4225 ‚securo
547 4135 611 4203 iarn
621 4185 631 4217 ‚
647 4131 777 4205 &nihil
791 4136 853 4203 tale
877 4110 1025 4231 metuenti
1038 4126 1135 4216 filio,

121 4290 128 4319 t
167 4253 354 4347 Pamphile,
375 4256 503 4349 inquit,
520 4257 573 4325 abi
590 4260 738 4337 domum,
758 4280 796 4323 ac
816 4255 907 4322 Deos
927 4242 1136 4359 comprecare,·

167 4401 251 4459 uxor
272 4350 338 4450 eibi
352 4381 494 4452 ducenda
509 4380 605 4461 hodie
621 4377 673 4479 ιβ.
699 4374 772 4462 Hae
794 4368 891 4465 tillo,
912 4373 995 4449 uelut
1017 4373 1135 4464 impro·
1219 4430 1224 4440 .
