2809 5234
612 346 698 355 4,....-

142 478 146 486 ι

375 752 470 828 no
520 736 950 825 noauo'uon
1078 747 1145 847 383

177 917 308 985 audiere
323 913 440 985 Bemb.
454 909 542 982 cod.
561 909 669 980 omifit
688 919 769 977 immo
778 959 789 994 ,
803 934 846 979 ne
864 911 975 982 uersus
987 910 1150 981 senarium

178 1008 325 1077 excedat.
337 1006 403 1077 Sed
416 1005 473 1074 alii
487 1002 597 1074 Codd.
610 1005 771 1072 omittunt
779 1007 890 1092 potius
900 1012 945 1070 ibo
959 1012 1032 1086 ltine,
1042 1016 1056 1083 (
1062 1003 1153 1093 quod

177 1103 315 1168 omnino
329 1125 347 1168 a
361 1097 465 1191 gloffa
484 1096 638 1176 videtur)
652 1101 683 1165 oc
694 1100 838 1165 retinent
852 1103 932 1162 immo
945 1127 960 1178 ‚·
974 1119 1059 1186 quot
1073 1119 1152 1166 cunt

176 1187 287 1261 Bentl.
308 1189 495 1281 sequimu13
515 1195 547 1256 δι
574 1188 738 1258 credimus
758 1191 976 1276 interruptum
996 1187 1152 1258 Demeae

176 1283 325 1352 ardorem
342 1307 400 1372 per
411 1287 530 1350 'iocum
546 1279 718 1349 Micionis.
838 1346 841 1353 Δ

222 1399 298 1467 pag.
324 1398 378 1446 101
397 1375 455 1444 lin.
473 1396 518 1465 13.
533 1400 636 1461 cogam.
650 1371 756 1463 Vulg.
771 1399 870 1462 cogas,
885 1371 976 1461 quod
990 1396 1056 1442 non
1072 1396 1150 1441 con·

177 1470 271 1539 venit
284 1491 359 1536 cum
371 1475 405 1538 iu
420 1475 555 1556 equidem,
576 1462 774 1554 versumque
794 1464 958 1533 interficit.
987 1464 1152 1536 Nostrum

177 1555 328 1630 eBemb.
341 1557 452 1628 Vatic.
466 1556 603 1647 aliisque
617 1555 727 1627 voluit
740 1554 857 1626 Faern.
871 1555 1029 1646 deditque
1039 1552 1152 1628 Bentl.

222 1651 281 1720 lin.
305 1671 355 1744 15.
373 1658 433 1812 Ze.
446 1650 523 1720 Alii
541 1647 629 1718 male
649 1656 722 1737 istoc.

224 1742 282 1812 lin.
300 1766 352 1838 17.
410 1743 561 1813 eddimus
579 1740 709 1812 versum
725 1766 768 1810 ex
785 1738 902 1810 Bemb.
917 1738 1026 1810 Vatic.
1042 1747 1074 1809 &
1090 1741 1153 1813 Ba·

177 1829 255 1902 filic.
269 1841 330 1905 &e
345 1835 395 1904 ed.
414 1843 509 1925 1469.
528 1859 604 1901 cum
620 1831 819 1902 Dacieria&
829 1816 940 1903 Be'ntl.
956 1832 1032 1902 Alii
1046 1839 1153 1906 inter-

177 1926 327 2012 polatum
342 1926 480 2010 habent,
495 1944 532 1996 ut
546 1923 584 1994 stt
598 1927 802 1996 odlonatius:
875 1933 904 1992 θ
914 1934 960 1991 cui
976 1935 1014 1992 rei
1028 1955 1096 2015 opus
1105 1939 1154 2020 est,

178 2023 290 2087 hilarem
304 2027 375 2086 hunc
390 2024 417 2106 s
435 2029 463 2088 d.
1162 2060 1165 2068 ·
1181 2086 1184 2091 ,

223 2137 299 2205 pag.
324 2135 386 2180 102
403 2114 459 2180 lin.
478 2134 511 2195 4.
520 2113 597 2199 fuat.
616 2105 736 2199 Vulgo
754 2111 835 2194 fidu
860 2106 957 2177 male.
983 2106 1037 2178 Sic
1061 2119 1151 2185 enim

178 2201 256 2272 dein
280 2203 456 2272 dicendum
487 2224 661 2290 apportaret,
684 2224 808 2266 moneret.
834 2199 995 2269 Nostrum
1023 2205 1154 2275 invenit

178 2292 290 2363 Bentl.
309 2293 398 2381 quod
414 2300 447 2361 &
462 2291 509 2359 est
523 2293 610 2361 Hec.
631 2292 700 2375 lV,
719 2315 755 2384 3,
769 2316 802 2377 4.
818 2315 869 2380 ap.
885 2291 981 2383 Virg.
992 2298 1031 2359 δι’
1042 2293 1150 2368 Plaut.

179 2386 297 2472 paffim.
308 2383 376 2452 Hic
390 2383 527 2473 quidem
539 2382 638 2472 Capt.
648 2382 692 2464 ll,
708 2407 738 2475 3,
750 2408 790 2477 71
804 2391 865 2450 Nec
877 2388 1017 2471 quisquam
1031 2392 1088 2452 cum
1101 2417 1155 2455 au·

179 2485 237 2542 dax
243 2479 311 2562 suat
329 2483 408 2542 homo
422 2482 481 2543 &c.
785 2534 788 2542 .

178 2565 875 2746 n.tn‚¹11¹cnluzlztlnfit
885 2566 1153 2735 illailla&

178 2749 287 2820 Merc.
299 2750 374 2837 lll,
397 2777 438 2833 2,
453 2778 484 2836 4.
500 2749 600 2820 Stich.
616 2748 654 2832 l,
671 2775 712 2833 a,
730 2772 793 2835 14,
810 2751 943 2840 aliique.
959 2751 1063 2844 Vulg.
1076 2757 1152 2827 libri

177 2842 311 2932 scripti,
330 2848 385 2932 qui
404 2843 501 2913 hodie
524 2843 618 2924 sunt,
640 2849 673 2910 δι
693 2841 776 2910 editi
800 2864 928 2930 praeter
943 2841 1052 2913 Bentl.
1065 2875 1150 2938 prope

178 2943 234 3001 iam
253 2941 364 3022 excurso
374 2941 419 3025 sp.
443 2945 593 3004 Excumrc
620 2933 732 3004 latinis
758 2935 878 3006 dicitur
896 2935 1069 3026 absolute3
1085 2964 1153 3010 non

177 3026 351 3098 ttanfitive.
372 3028 452 3096 Erat
466 3027 534 3097 fere
550 3027 840 3120 septuagenarius,
861 3032 965 3097 maior
980 3025 1049 3096 scil.
1074 3031 1152 3100 Mi-

176 3122 294 3202 cione,
318 3141 421 3188 annos
440 3139 518 3188 nato
539 3126 592 3212 65.
835 3187 840 3205 β

222 3237 298 3303 pag.
312 3235 352 3281 10
389 3212 445 3279 lin.
459 3234 490 3304 7.
504 3220 559 3278 iam
573 3217 705 3299 experiat.
717 3208 823 3302 Vulg.
836 3210 1006 3300 pluraliter
1020 3223 1151 3303 experia-

173 3331 255 3379 mur,
274 3234 372 3394 quod
381 3302 474 3373 Don.
497 3307 662 3372 comicum
687 3302 750 3372 elle
770 3303 843 3374 vult
860 3327 873 3390 3
893 3303 950 3372 sed
973 3329 1058 3375 unus
1079 3308 1150 3378 Pal.

102 3435 104 3441 ·
175 3390 226 3484 ap'.
247 3396 414 3479 Pareum,
435 3402 467 3464 &
487 3421 572 3465 unus
588 3419 656 3487 reg.
672 3421 722 3483 ap.
738 3393 848 3464 Bentl.
862 3393 984 3466 habent
1004 3409 1149 3487 experiar,

174 3512 243 3577 quo
262 3509 404 3558 metrum
424 3489 546 3558 melius
566 3487 724 3577 procedit.

221 3605 297 3672 pag.
317 3604 375 3686 ποῖ
399 3580 455 3646 lin.
479 3603 524 3666 14
546 3586 634 3646 nimi’.
650 3578 878 3648 subtraximus
895 3589 923 3650 1.
936 3609 970 3662 s,
989 3601 1027 3651 nt
1041 3582 1149 3671 versui

174 3672 295 3740 melius
321 3670 583 3753 consuleremus,
605 3695 703 3759 quam
728 3671 785 3738 alii
799 3697 811 3758 ;
836 3671 1013 3760 quodiam
1037 3677 1147 3764 paffim

175 3760 314 3831 fecimus
329 3767 361 3830 in
377 3762 512 3830 modum
528 3765 653 3850 antiqui
671 3762 842 3833 lemonia.

221 3879 295 3947 pag.
318 3878 380 3946 109
402 3854 457 3921 lin.
478 3877 505 3944 3.
521 3853 590 3922 Vul
619 3861 786 3935 Adducet,
810 3861 838 3921 ὃν
859 3857 998 3945 ficmptum
1022 3868 1147 3930 admittet

175 3955 285 4014 oculta:
308 3976 334 4034 q.
352 3976 387 4013 m.
404 3944 517 4014 Faern.
536 3971 577 4016 ex
592 3880 709 4015 fiemb.
719 3956 864 4022 Adducet,
871 3952 1009 4038 sumptum
1024 3963 1146 4023 amittes:

175 4048 261 4108 multa
272 4046 331 4107 &c.
356 4038 421 4108 Sed
434 4038 486 4107 ed.
500 4039 605 4108 nostra
615 4060 683 4111 vet.
697 4048 826 4107 Adducet
837 4087 848 4115 ‚
859 4047 887 4106 ea
900 4046 1077 4132 adsumptum
1091 4055 1147 4113 ad·

174 4143 261 4199 mittet
274 4140 368 4199 mulda.

221 4225 278 4291 lin.
301 4247 328 4318 5.
343 4223 463 4293 Sumus
478 4223 700 4307 audentiores,
716 4244 754 4294 ut
768 4221 825 4295 vul
852 4243 937 4292 atam
957 4224 1159 4317 dimanans,-

173 4336 281 4392 ,tnetto
302 4313 438 4408 quoque
459 4317 698 4401 adversariam,
720 4343 757 4388 ac
780 4249 993 4390 redimamus
1012 4329 1061 4388 ubi
1073 4351 1145 4392 nunc
1221 4352 1225 4358 ·
