2809 5234
269 898 990 989 naroronrrnononanos.
1049 904 1132 1017 ’,ος

173 1074 227 1146 Ch.
244 1079 395 1149 Uxorem
415 1088 452 1148 ut
468 1072 576 1145 ducas.
598 1075 644 1143 cl.
663 1093 757 1169 pater
777 1089 798 1145 ¹.
819 1078 876 1148 Clr.
891 1072 973 1149 nihil
994 1070 1138 1152 audio‘2.
1200 1052 1208 1081 '

190 1193 198 1201 ”
344 1202 393 1271 Μ.
416 1196 457 1269 ad
482 1221 537 1268 me
561 1196 698 1293 recipio.

175 1339 293 1413 Faciet.
318 1340 372 1410 ca.
395 1333 441 1408 nil
463 1333 561 1408 etiarn
582 1333 682 1409 audio
705 1333 823 1432 ipsum.
852 1339 900 1407 (ll.
915 1324 1018 1434 periil
1045 1344 1082 1414 S.
1097 1363 1140 1413 an

344 1461 496 1548 dubitas,
517 1458 697 1554 cliriphoe

180 1600 237 1672 ca
256 1600 365 1668 lmrno
384 1613 493 1669 utrum
511 1576 607 1669 virle?
630 1598 682 1667 M.
708 1594 806 1670 saciet
829 1595 953 1670 omnia.
973 1593 1012 1672 S.
1036 1598 1143 1693 haecj

349 1720 429 1793 durn
457 1721 613 1818 incipias,
633 1720 748 1819 gravia
770 1721 867 1811 sunt,

181 1850 342 1956 Dumque
360 1857 516 1956 ignores:
539 1858 597 1930 ubi
609 1857 784 1958 cognoris,
797 1856 905 1932 facilia
920 1858 1143 1937 nectariam

351 1999 453 2079 pater.
1099 2000 1138 2085 ις

181 2124 220 2194 S.
254 2118 341 2190 Nate
368 2115 438 2205 mi,
462 2139 529 2215 ego
562 2112 621 2213 pol
649 2115 711 2189 tibi
735 2119 824 2192 dabo
854 2117 943 2192 illam
975 2118 1144 2217 lepidam,

350 2265 451 2338 quarn
472 2258 510 2312 tu
533 2237 630 2312 facile
655 2265 771 2332 ames,

180 2378 294 2453 Filiam
318 2378 541 2451 Phanocratae
569 2378 683 2452 nostri.
712 2384 761 2453 CL
781 2378 933 2455 tusamne
958 2372 1047 2454 illam
1072 2379 1144 2457 vira

352 2525 486 2597 ginon,

184 2630 353 2726 Caesiam,
372 2635 483 2730 sparso
504 2654 588 2724 ore,
609 2638 740 2712 adunco
759 2638 838 2713 naso
854 2628 899 2713 ⁴l
917 2656 985 2713 non
1001 2636 1147 2736 possum,
1209 2676 1212 2687 ·

352 2777 457 2857 pater.

188 2897 245 2973 ca
261 2893 344 2987 Eia,
362 2913 399 2968 ut
416 2893 546 2993 elegans
566 2893 628 2969 en!
650 2898 764 2974 credas
782 2898 927 2997 animum
945 2896 993 2973 ibi
1018 2897 1083 2973 effe
1102 2914 1112 2962 ⁵
1129 2892 1146 2972 l

351 3027 389 3093 S.
415 3009 512 3094 aliam
536 3013 625 3094 dabo
640 3012 667 3096 ὅ.

188 3256 266 3327 'cilius
293 3255 478 3347 amplelhrur'.
531 3349 533 3355 Ι
580 3282 616 3353 J
700 3256 766 3332 clas.
809 3258 940 3332 Ceterum
968 3254 1036 3329 laeta
1061 3278 1148 3331 macer

233 3381 246 3420 1
264 3359 308 3422 Sic
324 3359 425 3422 faciunt
437 3356 638 3424 adolescentuli.
697 3361 759 3423 satis
780 3364 887 3423 comice
911 3360 938 3423 se
963 3362 1094 3443 praebet,
1117 3363 1149 3424 δι

188 3459 296 3528 Or'nnia
311 3458 381 3521 bene
396 3461 578 3541 promittunt3
593 3459 639 3523 sed
697 3478 765 3522 mox
776 3462 890 3523 iocatur.
912 3459 956 3521 Sic
971 3459 1072 3521 facilius
1087 3474 1151 3520 onr-v

188 3555 236 3616 ubi
255 3555 322 3638 quid
342 3571 438 3616 contra
461 3555 584 3639 ipsorum
609 3556 642 3615 li-
700 3557 741 3614 nis
757 3552 860 3616 tristitia
875 3551 1007 3629 solvitur3
1026 3574 1080 3636 qua
1102 3553 1151 3614 ab·

189 3645 310 3709 bidinem
319 3645 642 3729 postulemr,rursu'ster·
700 3645 768 3707 iebla
784 3649 890 3707 animus
898 3641 970 3709 ultro
980 3645 1006 3708 se
1017 3647 1153 3730 expediat.

191 3739 367 3820 pensantur.
391 3735 493 3801 Sed&
508 3744 644 3823 tergivera
745 3763 764 3816 4
784 3739 869 3801 Haud
885 3741 1069 3821 persenserat,
1089 3765 1153 3803 rna·

192 3833 257 3894 satio
274 3831 418 3894 vincenda.
703 3842 774 3896 trem
787 3833 814 3895 id
833 3829 927 3897 dixisse
940 3838 994 3897 ioci
1010 3835 1097 3899 causa.
1122 3837 1155 3898 ln

236 3930 316 3988 aina
332 3927 417 4008 ipsum
433 3916 564 4007 polliceris
625 3932 630 3940 '
702 3927 780 4006 peius
797 3940 867 3988 vero
884 3924 1008 4012 depingit
1024 3930 1155 4012 puellam,

237 4041 251 4105 3
263 4016 323 4082 larn
334 4018 404 4079 filius
416 4034 543 4080 monetur
554 4041 571 4079 a
586 4032 644 4080 rna·
703 4039 774 4100 quae
789 4018 951 4101 displicebat.

192 4130 251 4194 tre,
274 4130 368 4174 contra
386 4134 470 4196 quarn
485 4111 547 4192 'ipse
565 4112 644 4194 supra
749 4132 762 4194 5
779 4103 875 4191 Quam
895 4114 994 4175 blande
1004 4110 1157 4174 ironiaian

193 4202 643 4293 N,2imparienterdixerat:'nul-
706 4206 787 4265 utitur
803 4205 896 4286 pater!

195 4297 223 4364 sa
248 4308 282 4387 est
304 4314 357 4366 tarr
378 4302 476 4385 facilis
495 4322 555 4373 res,
578 4299 644 4380 quin
745 4295 872 4359 6Mater
892 4297 948 4353 iarn
976 4291 1044 4353 serio
1071 4292 1158 4375 magia

194 4398 312 4483 difficilis
319 4404 387 4484 fiet,
396 4418 473 4481 quam
482 4393 641 4476 inritusfir
702 4384 807 4451 diclura
818 4402 883 4453 crat.
897 4385 952 4450 Sed
961 4381 1159 4470 profueritmaae

980 4469 1013 4543 V
