2809 5234
203 175 765 600 -
999 175 2632 572 -

248 586 265 594 ·”
324 588 333 600 Q

970 920 1729 1036 Pnoniala
2207 970 2355 1055 '¹49

434 1106 655 1219 ¹Quod
704 1124 913 1197 habes
941 1178 965 1215 ‚
1006 1125 1104 1197 ita
1158 1142 1240 1196 ut
1272 1121 1558 1195 voluisti
1581 1175 1604 1213 ,
1641 1132 1934 1197 uxorem
1960 1171 1986 1210 ‚
2017 1116 2156 1191 fine
2186 1117 2383 1194 mala.

824 1251 1005 1323 fama
1046 1271 1063 1302 ¹
1102 1275 1120 1319 t
1162 1251 1391 1348 palam
2532 1348 2537 1355 Ι

431 1366 679 1438 Beatus
718 1418 743 1456 ,
806 1365 878 1435 ni
934 1390 1151 1435 unum
1216 1362 1384 1435 defit
1422 1413 1447 1451 ‚
1509 1360 1775 1433 animus
1858 1358 1983 1456 qui
2049 1353 2359 1432 modeste
2434 1424 2441 1431 .

856 1480 1027 1619 ist‘uc
1070 1483 1267 1555 ferat.

435 1631 655 1724 Quod
716 1630 766 1703 fi
821 1631 948 1702 tibi
991 1655 1100 1703 res
1159 1628 1239 1700 fit
1296 1650 1457 1699 cum
1513 1648 1603 1696 eo
1663 1623 1920 1698 lenone
1964 1677 1989 1713 ,
2057 1647 2367 1722 quocum

835 1751 1005 1823 mihi
1059 1748 1208 1840 est,
1259 1765 1415 1819 tum
1476 1744 1744 1817 sentias.
1810 1724 1818 1733 ¹

435 1905 536 1976 Ita
567 1903 881 2002 plerique
927 1901 1209 2000 ingenio
1242 1897 1475 1971 sumus
1517 1920 1761 1969 omnes
1791 1919 1810 1965 ε
1845 1893 2061 1968 nostri
2090 1894 2364 1970 nosmet

812 2039 1127 2120 poenitet
1165 2038 1218 2093 ².
2268 2037 2363 2088 20
2437 2052 2444 2060 ·

433 2169 527 2239 A.
575 2168 669 2239 At
707 2184 787 2238 tu
829 2165 1000 2238 mihi
1048 2182 1296 2237 contra
1343 2184 1540 2237 nunc,
1575 2158 1816 2233 videre
1861 2155 2258 2231 fortunatus
2295 2173 2362 2252 ⁹,

823 2287 1156 2360 Phaedria
1189 2340 1217 2376 ,

437 2431 572 2502 Cui
607 2431 693 2502 de
724 2431 1000 2528 integro
1030 2430 1126 2504 est
1162 2429 1464 2528 potestas
1495 2428 1703 2504 etiam
1728 2426 2161 2521 consulendi,
2191 2427 2365 2528 quid

814 2551 989 2623 velis
1020 2578 1044 2636 ;

440 2697 768 2770 Retinere
806 2719 1113 2768 amorem
1143 2746 1166 2785 ‚
1199 2721 1285 2769 an
1324 2696 1639 2770 amittere
1674 2716 1709 2759 ⁴
1739 2719 1912 2796 :ego
1957 2697 2224 2771 in-eum
2256 2696 2369 2782 in-g·

827 2819 967 2891 cidi
1017 2816 1259 2891 infelix
1300 2820 1537 2896 locum
1566 2874 1596 2910 ,

440 3082 529 3140 bes
559 3102 769 3141 uxorem
791 3125 809 3154 ,
850 3079 1021 3140 habes
1034 3083 1153 3160 fine
1172 3080 1316 3140 mala

425 3185 583 3264 sitm
601 3234 623 3259 ,
651 3187 866 3250 diversa
897 3188 1027 3250 facit
1051 3188 1119 3249 ab
1157 3211 1318 3250 amo·

450 3314 511 3350 rc
557 3289 705 3381 suo,-

532 3419 554 3456 1
583 3395 718 3456 Scil.
744 3416 856 3458 tua.
875 3396 970 3457 Ad
993 3395 1320 3459 adolescen-
1361 3373 1365 3376 ἢ

443 3517 524 3558 tes
544 3500 791 3580 pertinet
802 3497 989 3579 fixum,
1016 3511 1072 3562 &
1100 3505 1180 3562 est
1196 3527 1319 3564 ma-

440 3606 496 3666 la
522 3626 588 3664 ex
613 3604 852 3667 libidine
881 3629 900 3683 3
936 3606 1007 3668 cf.
1032 3607 1179 3669 infra
1212 3611 1268 3668 11
1295 3655 1315 3685 ‚

448 3731 518 3787 3,
556 3734 652 3784 40.
683 3712 868 3771 Andr.
897 3711 959 3783 1,
1005 3713 1321 3786 1‚72,11,

447 3822 515 3884 6,
581 3833 670 3887 ¹3·
707 3812 918 3886 Heaut.
963 3813 1021 3869 11
1047 3856 1065 3881 ,
1115 3836 1145 3871 2
1178 3858 1197 3885 ,
1240 3835 1313 3892 93

441 3927 499 3979 &
534 3938 661 3976 110.
686 3915 798 3977 Ad.
827 3917 919 3988 11,
964 3938 1032 3993 3,
1065 3918 1319 3979 10.Hec.

442 4020 516 4090 V·
535 4066 554 4094 ,
606 4041 627 4078 1
655 4065 671 4092 ,
704 4039 798 4098 31·
849 4016 1163 4100 Virgi'num
1208 4021 1324 4079 vita

447 4129 609 4190 domi
651 4145 805 4200 erat,
842 4123 1001 4186 nulla
1031 4121 1205 4203 sama.
1245 4126 1319 4189 Et

444 4239 560 4300 iam
572 4233 866 4296 liberalem
881 4232 1200 4297 laudaverat
1222 4255 1326 4292 no-

447 4343 575 4402 ster.
601 4340 702 4400 An
726 4341 902 4423 igitur
931 4338 1199 4400 Dacieria
1223 4360 1327 4399 ve·-

451 4467 578 4507 tum
626 4447 802 4525 vidit,
850 4444 1073 4514 dumid
1107 4443 1327 4509 distm-

1478 3081 1550 3142 de
1589 3080 1815 3143 Phanio
1856 3080 2024 3155 velit,
2052 3102 2113 3142 ut
2146 3084 2215 3143 de
2247 3104 2360 3168 qua

1477 3189 1630 3251 fama
1658 3191 1889 3251 mentiri
1924 3191 2216 3250 vereatur?

1561 3319 1592 3355 2
1615 3295 1832 3379 Cupita
1848 3297 2016 3355 nobis
2036 3293 2359 3376 displicent,

1485 3401 1791 3486 postquam
1836 3400 2014 3481 potiti
2052 3396 2260 3458 sumus·
2295 3398 2361 3460 P.

1484 3503 1659 3586 Syrus
1732 3506 1794 3563 id
1859 3501 2086 3584 plenius
2158 3499 2317 3561 effert
2344 3524 2361 3560 z

1482 3611 1684 3672 Aliena
1705 3611 1852 3671 nobis
1864 3654 1881 3682 ,
1910 3610 2075 3690 nostra
2100 3608 2223 3682 plus
2236 3609 2362 3671 aliis

1480 3713 1708 3793 placent.

1573 3837 1600 3892 3
1638 3817 1843 3875 Beatus
1891 3835 2006 3876 erat
2044 3816 2185 3879 Ant.
2228 3815 2262 3874 fi
2304 3819 2361 3875 ei

1482 3940 1696 3982 metum
1726 3923 2022 3985 adimere&
2075 3920 2362 3986 Fortuna,-

1488 4039 1577 4082 ως
1603 4021 1839 4085 Phaedr.
1873 4025 1963 4083 cui
1999 4032 2103 4083 sec.
2130 4020 2362 4083 sednon

1484 4124 1677 4188 beatus
1718 4148 1931 4187 amore.

1571 4257 1610 4307 4
1650 4235 1924 4293 Mittimus
1961 4228 2218 4295 volentes
2249 4247 2269 4304 3
2297 4249 2364 4292 aa

1490 4339 1743 4401 mittimus
1775 4337 1967 4401 inviti.

1765 4522 1840 4597 K
1921 4544 1957 4616 3
