2809 5234
177 636 186 651 ἱ

493 855 854 931 nonanus
1106 856 1154 954 m

186 1022 242 1094 D.
268 1015 510 1092 eorreuorrl
537 990 664 1114 nempe
684 1032 745 1089 tua
764 1033 838 1090 arte
860 1015 985 1115 viginti
1009 1015 1155 1111 minae,

189 1141 259 1215 Pro
282 1140 420 1238 psaltria
442 1139 605 1234 periere:
624 1163 738 1237 quae,
762 1155 931 1236 quantum
954 1138 1086 1234 potest,
1108 1160 1150 1238 25

188 1268 320 1365 Aliquo
340 1265 531 1338 abiicienda
554 1259 630 1348 est3
650 1261 674 1334 fi
693 1287 767 1334 non
792 1262 926 1359 pretio,
952 1263 1080 1358 gratiis.

190 1403 241 1466 M.
258 1396 382 1491 Neque
402 1390 450 1465 est
466 1409 494 1481 ²,
509 1415 623 1489 neque
634 1389 730 1462 illam
741 1387 948 1462 sanelludeo
961 1390 1113 1461 vendere
1131 1406 1157 1463 ἱ.

188 1520 242 1588 D.
262 1514 360 1607 Quid
377 1514 484 1610 igitur
501 1511 636 1590 facies?
656 1515 708 1585 M.
731 1509 829 1585 domi
854 1511 930 1585 erit.
949 1518 994 1586 D.
1014 1536 1080 1608 pro
1100 1510 1156 1585 di·

376 1666 462 1715 vom
482 1638 611 1727 fidem!

189 1766 357 1842 Meretrix
375 1786 412 1839 et
439 1781 549 1839 mater
571 1762 718 1839 familias
738 1788 808 1835 una
834 1762 870 1834 in
892 1762 1032 1835 domo?
1140 1800 1145 1809 -

189 1917 242 1986 M.
259 1914 331 1985 Cur
352 1911 456 1984 non?
474 1914 525 1985 D.
547 1901 671 1983 sanum
687 1926 722 1983 te
744 1908 855 1982 credis
874 1906 966 1982 effe?
984 1911 1032 1982 M.
1053 1904 1155 2005 equi·

381 2034 461 2106 dem
488 2033 651 2109 arbitror.

1107 2052 1155 2124 30

188 2166 239 2237 D.
256 2164 305 2281 lta
326 2184 382 2232 me
401 2160 437 2232 di
451 2179 581 2250 ament,
596 2159 755 2231 utvideo
772 2183 839 2256 ego
853 2177 949 2230 tuam
958 2154 1143 2253 ineptiam:
1261 2195 1265 2200 ,

185 2310 368 2382 Fallururn
394 2308 500 2381 credo
519 2327 563 2399 ⁴,
585 2325 626 2380 ut
646 2307 772 2380 habeas
798 2307 941 2405 quicum
964 2306 1120 2380 cantites.

187 2451 240 2521 M.
261 2449 334 2520 Cur
356 2447 452 2519 noni
480 2451 532 2519 D.
564 2467 599 2520 et
616 2472 712 2519 nova
728 2465 837 2544 nupta
852 2446 973 2520 eadem
988 2447 1073 2521 haec
1088 2443 1158 2518 dis·

378 2587 434 2640 cet
455 2582 466 2627 5
479 2572 492 2640 ?
519 2571 575 2643 Μ.
605 2565 746 2642 scilicet.

188 2723 241 2795 D.
258 2717 315 2792 Tu
325 2718 416 2792 inter
429 2741 484 2791 eas
499 2694 614 2790 restim
624 2717 765 2795 <inuans
776 2717 912 2794 salrabis
928 2692 955 2795 ⁶.
971 2723 1025 2791 M.
1034 2718 1157 2816 probe.

228 3001 428 3064 ISarcasrnus.

172 3140 174 3142 -
226 3125 244 3162 2
259 3106 311 3163 inr.
326 3103 486 3164 abiicienda
497 3106 607 3186 gratiis.

229 3225 243 3283 3
267 3206 359 3266 Micio
387 3207 428 3266 ita
449 3204 627 3287 respondem

186 3334 217 3378 ut
243 3316 339 3378 ludere
360 3317 496 3392 fratrem,
517 3317 538 3379 l.
558 3319 627 3380 ino·-

186 3444 252 3506 ptns
284 3424 374 3483 videri
409 3423 508 3510 malit,
542 3447 628 3511 quam

186 3525 390 3610 Ctesiphonem
402 3529 628 3609 prodere.Prae-

184 3655 298 3715 paratur
317 3654 412 3694 tamen
432 3635 578 3696 simulvia
591 3638 627 3696 ad

185 3737 421 3801 manifestandum
440 3739 625 3819 Ctesiphouis

187 3859 326 3900 amorem.

228 3945 315 4018 4·inr.
334 3960 359 4005 re
367 3963 381 4013 ;
394 3941 474 4024 quod
488 3941 537 4002 alii
551 3944 632 4025 ingo-

190 4073 265 4116 runt.

229 4183 243 4237 5
276 4160 354 4224 Cum
372 4162 469 4222 uxoris
488 4158 558 4221 alias
576 4157 629 4233 srt,

187 4292 248 4334 rem
264 4271 435 4334 familiarem
452 4291 558 4333 curare.

230 4385 248 4438 6
281 4378 343 4439 lam
374 4379 629 4453 ciconinum,

711 3002 790 3085 quasi
806 3004 832 3062 is
859 3023 979 3084 puerum
996 3021 1070 3083 agar.
1086 3000 1158 3061 Pun-

711 3126 811 3166 rorum
836 3110 915 3166 enim
938 3117 966 3167 &
998 3105 1159 3187 puellarum

712 3203 795 3270 chori
811 3212 930 3271 manibus
944 3210 1049 3288 conserti
1063 3208 1093 3265 in
1108 3205 1159 3268 sal-

710 3325 822 3384 tatione
850 3324 931 3404 restim
963 3323 1054 3379 ducere
1075 3321 1156 3380 dice-

711 3427 813 3491 bantur
830 3450 839 3503 ;
862 3427 931 3487 Liv.
951 3424 1099 3499 XXVII,
1120 3451 1156 3504 3⁷

712 3533 766 3591 Per
785 3556 878 3593 marrus
891 3536 951 3614 rrsii
968 3535 1047 3605 darn,
1070 3536 1155 3616 virgi·

711 3662 757 3699 nes
764 3640 859 3719 sonum
883 3642 956 3699 vocis
970 3641 1048 3720 pulsu
1058 3643 1156 3720 prdum
1273 3649 1276 3653 ’

713 3742 874 3801 modulrntrs
908 3741 1068 3820 incrfferurrr.
1092 3742 1156 3803 Lu·
1245 3800 1252 3815 .·

604 3890 606 3900 .
713 3861 782 3901 eret.
796 3843 844 3912 ΙΙ,
863 3850 918 3918 631
934 3861 1040 3901 cartinas
1054 3845 1157 3915 Indere3

715 3947 793 4006 Hor.
816 3945 877 4009 Od.
905 3948 951 4019 ll,
973 3967 1025 4022 12,
1044 3954 1075 4007 »8
1098 3951 1159 4006 dare

715 4055 835 4113 bracchia
861 4057 1008 4128 ludentem
1029 4055 1064 4114 cf.
1080 4055 1158 4113 doru

712 4160 775 4219 Iani
793 4161 828 4219 ad
844 4159 905 4220 lnl.
924 4162 1034 4220 Itanon
1047 4159 1159 4239 afrae,

715 4289 803 4352 quem
818 4264 950 4331 saltantes
965 4269 1095 4332 manibus
1115 4293 1159 4334 te·

714 4396 802 4440 nuere
821 4422 830 4452 ‚
852 4378 974 4460 proprie
1006 4376 1083 4439 diua
1108 4379 1159 4442 iun
