2809 5234
213 664 216 665 γ
820 664 838 689 1
1169 686 1184 705 ι
2000 647 2007 652 “’

265 717 280 735 5
1145 716 1154 725 ι

627 869 2078 1003 HEAUTONflMO‘RUMENOS.
2241 950 2382 1025 229

450 1089 615 1159 clia.
676 1087 821 1160 Eiu'
870 1088 945 1162 fit
986 1088 1270 1186 potestas
1315 1087 1586 1185 posthac
1610 1143 1630 1175 ,
1660 1116 1742 1163 an
1775 1116 2108 1189 nunquam
2144 1090 2286 1167 tibi.
2379 1132 2382 1136 ·

455 1214 604 1284 Clit.
647 1215 893 1282 Verum
939 1212 1161 1286 hercle
1205 1193 1370 1286 istuc
1402 1211 1541 1284 est:
1585 1215 1794 1313 Syre,
1824 1217 2036 1314 Syre,
2063 1216 2383 1314 inquam,

791 1335 949 1408 heus
972 1389 993 1425 ‚
1019 1337 1189 1411 heus
1220 1339 1389 1433 Syre
1430 1351 1445 1383 ¹
1475 1333 1493 1406 Ξ
1544 1394 1564 1416 .

448 1465 519 1532 S.
547 1458 901 1532 Concaluit
934 1473 963 1505 2
992 1487 1009 1531 ε
1040 1460 1203 1556 quid
1234 1459 1388 1533 vis?
1427 1462 1572 1533 Clit.
1598 1459 1782 1549 redi,
1810 1457 1970 1534 redi.
2008 1465 2090 1532 S.
2122 1456 2385 1552 adsum'‚·

759 1587 778 1619 '
794 1583 901 1654 dic
930 1581 1091 1680 quid
1117 1581 1241 1672 est,

452 1707 589 1777 Iam
629 1703 763 1777 hoc
796 1719 819 1769 3
867 1729 1145 1804 quoque
1178 1705 1447 1805 negabis
1469 1705 1588 1781 tibi
1631 1707 1913 1804 placere.
1957 1711 2099 1784 Clit.
2124 1706 2382 1799 immoj

788 1830 960 1928 Syre
983 1882 1008 1918 ‚

452 1955 536 2026 Et
597 1978 750 2041 me,
778 1970 857 2059 ,et
914 1978 1140 2028 meum
1196 1978 1495 2028 amorem
1521 2002 1547 2041 ,
1612 1974 1678 2028 et
1747 1954 1994 2028 famam
2059 1948 2383 2053 permitto

793 2076 936 2151 tibi.
2251 2104 2278 2150 1
2301 2099 2388 2152 io

453 2202 564 2275 Tu
602 2227 672 2275 es
715 2202 964 2289 iudexg
997 2225 1082 2272 ne
1127 2197 1289 2297 quid
1329 2195 1725 2271 accusandus
1769 2197 1889 2290 fis,
1921 2199 2098 2276 vide.

446 2332 526 2427 75·
559 2325 937 2398 Ridiculum
981 2322 1075 2396 est
1096 2378 1121 2412 ‚
1144 2341 1208 2397 te
1237 2320 1400 2395 istuc
1442 2347 1552 2393 me
1590 2323 1989 2417 admo-nere,
2017 2325 2364 2426 Clitipho:

451 2448 654 2541 Quali
681 2446 826 2519 istic
855 2448 1077 2522 minor
1113 2470 1258 2519 mea
1302 2470 1404 2517 res
1434 2456 1710 2543 agatur,
1759 2471 1957 2543 quam
2012 2467 2144 2522 tua.

459 2569 591 2639 Hic
629 2566 676 2638 fi
719 2568 878 2664 quid
929 2569 1121 2642 nobis
1161 2567 1339 2641 forte
1375 2568 1640 2643 advorsi
1684 2571 1979 2644 evenerit
2006 2624 2029 2659 ‚

458 2689 617 2763 Tibi
656 2709 850 2783 erunt
877 2714 1094 2787 parata
1121 2692 1325 2765 verba
1344 2744 1367 2780 ,
1396 2691 1550 2765 huic
1586 2691 1850 2763 homini
1878 2694 2175 2767 verbera.
2252 2715 2278 2762 1
2299 2711 2377 2788 ις

459 2816 890 2912 Quapropter
914 2813 1074 2886 haec
1101 2837 1206 2886 res
1230 2813 1613 2911 neutiquam
1639 2816 1962 2912 neglestui
1988 2815 2080 2886 est
2105 2813 2289 2915 mihi:

454 2938 583 3011 Sed
609 2936 818 3012 istunc
837 2960 1071 3028 exora,
1093 2954 1169 3010 ut
1193 2936 1374 3011 suam
1403 2936 1533 3011 effe
1557 2937 1919 3014 adsimulet.
1967 2942 2115 3010 Clit.
2140 2936 2384 3012 scilicet

458 3164 637 3229 sermo
670 3187 767 3247 per
800 3164 935 3228 Clit.
957 3166 1106 3225 anxii
1134 3163 1198 3225 δι
1226 3163 1357 3246 Syr.
1481 3165 1634 3244 Syre.

457 3258 689 3319 ludentis
764 3256 1070 3319 sermonem
1136 3260 1357 3338 praeci-
1569 3277 1593 3317 1
1631 3255 1840 3318 Omnis
1862 3255 2001 3317 adeo
2034 3252 2285 3316 confecia
2300 3252 2382 3315 est
2453 3273 2459 3279 ·

458 3346 603 3408 ditur
639 3370 659 3422 ;
710 3346 769 3408 id
820 3347 974 3429 quod
1030 3349 1166 3407 inter
1226 3367 1364 3407 om-
1432 3378 1437 3385 ·
1484 3344 1766 3409 haesitatio
1789 3392 1809 3421 ,
1856 3349 2141 3430 vincitque
2197 3347 2383 3430 omnia

461 3463 560 3503 nes
575 3443 701 3505 edd.
733 3462 873 3503 unus
895 3441 1072 3504 Bentl.
1099 3441 1354 3523 sequitur.
1479 3462 1636 3503 amor
1695 3443 1734 3506 s.
1781 3440 1912 3506 Clit.
1949 3443 2166 3525 cupido.
2213 3442 2388 3523 Syrus

457 3534 587 3598 Eius
638 3535 892 3618 exemplo
942 3558 1084 3618 quae
1120 3535 1252 3599 Clit.
1291 3537 1356 3598 &
1477 3557 1615 3597 vero
1653 3535 1908 3598 simulans
1925 3537 2036 3596 iam
2064 3534 2387 3610 discesserat,

455 3629 583 3712 Syr.
605 3631 744 3691 inter
767 3629 819 3693 se
845 3631 1095 3693 iecerint:
1126 3628 1215 3693 cl.
1242 3632 1355 3710 Sy·
1478 3629 1627 3712 quasi
1670 3631 1939 3693 Bacchidi
1989 3629 2224 3695 diRurus
2242 3674 2266 3702 ,
2322 3643 2385 3687 ut

462 3745 514 3781 ηε
570 3725 695 3803 istuc
744 3743 848 3802 ago
902 3723 1302 3803 interponimus
1340 3769 1362 3798 ,
1482 3741 1800 3787 reverteret.

464 3816 661 3875 deinde
692 3835 921 3883 eorum,
941 3836 1081 3895 quae
1100 3815 1243 3876 Clin.
1263 3816 1359 3876 di-
1566 3838 1601 3877 2
1638 3817 1768 3880 Hoc
1806 3819 1989 3881 secum
2030 3819 2252 3889 servus,
2296 3815 2385 3878 cui

470 3910 583 3979 xit,
606 3905 778 3966 finem
804 3902 1078 3964 reddimus
1113 3905 1257 3962 Eius
1286 3898 1391 3986 fitz
1480 3903 1749 3968 simulatio
1824 3911 1966 3972 bene
2040 3909 2386 3993 processerat.

464 4001 582 4062 διε.
615 3998 700 4060 Ea
729 3996 943 4056 tantum
971 3997 1110 4055 ratio
1131 3992 1241 4066 est,
1258 4015 1368 4075 qua
1489 3994 1657 4058 Nunc
1687 4000 1759 4059 ad
1788 4001 2031 4072 Cliniam
2065 4001 2347 4082 respiciens
2371 4020 2390 4062 2

471 4090 604 4156 Clit.
624 4093 738 4152 iam
756 4109 944 4151 aurem
966 4087 1231 4168 praebens
1254 4087 1375 4150 Cli-
1491 4090 1625 4168 quid
1652 4092 1741 4150 vis
1757 4097 1792 4154 ?
1848 4157 1859 4167 ,

465 4189 587 4248 niae
634 4186 860 4248 alteram
876 4229 895 4258 ,
933 4181 1006 4243 illi
1036 4181 1359 4265 respondeat
1577 4201 1604 4262 3
1643 4187 1741 4248 int.
1773 4186 1844 4250 de
1885 4182 2210 4251 remittenda
2230 4182 2386 4257 Bac-2
2513 4226 2533 4257 ,

407 4269 640 4369 Ἀῖἓςηαη
677 4277 842 4338 hercle
872 4277 985 4340 διε.
1025 4297 1090 4338 ac
1130 4277 1361 4358 proinde
1487 4278 1669 4351 clude.

467 4369 676 4463 Syrum
706 4374 896 4437 anxius
929 4388 1158 4441 revocet
1195 4373 1330 4461 Syre
1343 4418 1368 4452 ‚

929 4477 962 4511 ⁴
1899 4453 2154 4557 Ρ).

2376 4670 2592 4800 Ι
