2809 5234
555 866 2044 947 ΗεΑυτοΝτιΜοιωΜΕΝοε.
2194 899 2333 977 ²57

421 1036 527 1104 So.
579 1025 682 1101 Mi
721 1028 1056 1115 Chreme,
1092 1022 1414 1122 peceavi:
1453 1026 1669 1161 fateor
1706 1046 1724 1081 ¹
1762 1058 1782 1105 z
1821 1031 2108 1108 vincor.
2157 1058 2336 1110 nunc

759 1151 910 1227 hoc
940 1165 1004 1221 te
1052 1148 1331 1223 obsecro
1355 1202 1405 1245 ,

418 1291 694 1382 Quanto
714 1308 867 1358 tuus
891 1282 984 1356 est
1011 1282 1329 1358 animus²
1359 1302 1516 1359 natu
1539 1284 1840 1384 gravior,
1866 1284 2343 1383 ignoscentior,

420 1415 515 1485 Ut
543 1434 729 1482 meae
753 1406 1051 1481 stultitiae
1073 1420 1095 1470 3
1127 1407 1197 1478 in
1219 1406 1453 1482 iustitia
1474 1428 1502 1468 ⁴
1528 1429 1638 1483 tua
1662 1409 1736 1481 fit
1760 1408 2009 1506 aliquid
2039 1409 2345 1504 praesidi.

293 1594 301 1603 .
425 1538 500 1606 C.
537 1531 794 1608 Scilicet
832 1528 1141 1629 equidem
1185 1529 1348 1608 istuc
1384 1531 1629 1607 faaum
1674 1528 2054 1633 ignoscam:
2103 1559 2341 1610 verum

422 1776 600 1852 Male
645 1653 1141 1853 docsgixatzea
1186 1773 1457 1851 facilitas
1494 1775 1718 1851 multa.
1761 1778 1873 1853 sed
1911 1778 2111 1871 istuc,
2145 1780 2344 1878 quid·
2434 1886 2441 1892 ἱ

761 1898 924 2000 quid
975 1894 1068 1971 est
1095 1950 1119 1989 ν
2251 1912 2341 2002 55

416 2038 573 2131 Qua
603 2036 737 2110 hoc
781 2054 1135 2129 occeptum
1162 2030 1257 2104 est
1285 2031 1473 2105 causa
1492 2083 1515 2121 ‚
1541 2031 1871 2132 eloquere.
1914 2039 2020 2108 So.
2048 2053 2120 2110 ut
2147 2035 2338 2113 stulte

755 2177 824 2234 et
874 2154 1110 2231 misere
1156 2179 1391 2230 omnes
1441 2154 1660 2230 sumus

416 2379 600 2439 verius
613 2374 719 2438 effe
738 2374 972 2436 iudicent
992 2393 1205 2448 omnes,
1225 2372 1319 2454 qui
1345 2386 1350 2390 ’
1437 2373 1704 2455 gravitate
1740 2371 1779 2433 s.
1815 2377 2082 2456 aequitate
2102 2377 2238 2454 viri,
2259 2400 2340 2440 re·

414 2469 925 2550 mulierumingenia
935 2482 1150 2528 norunt.
1172 2465 1313 2526 Pau·
1429 2465 1512 2526 &e
1550 2469 1734 2526 omnia
1773 2464 2095 2527 aestimantis
2117 2515 2137 2541 ‚
2162 2491 2339 2551 neque

416 2561 630 2623 cissimis
650 2562 860 2635 datum,
886 2577 945 2621 ut
981 2582 1048 2621 ex
1085 2556 1314 2621 honesto
1435 2557 1718 2621 affeffibus
1748 2561 1992 2622 obnoxii.
2025 2561 2180 2623 Vett.
2203 2563 2337 2624 scri-

416 2679 500 2719 res
524 2657 641 2717 suas
661 2658 989 2725 metiantur,
1018 2656 1161 2714 utilia
1180 2675 1312 2734 pro·
1428 2655 1582 2735 pti&
1599 2655 1722 2716 edd.
1740 2656 1961 2737 quidam
1980 2656 2232 2719 adduntl.
2248 2681 2341 2718 an-

412 2749 655 2810 videant.
680 2735 982 2827 Pleraeque
986 2764 1177 2805 omnes
1197 2744 1316 2806 sen·
1433 2762 1487 2806 te
1507 2747 1889 2829 ignoscentior,
1921 2746 1959 2806 l.
1999 2747 2156 2828 post:
2185 2756 2335 2810 tanto

415 2843 535 2905 sum
564 2856 885 2922 motumque
918 2838 1087 2899 animi
1124 2810 1315 2920 reperi·
1419 2840 1512 2919 fit.
1550 2839 1661 2901 Sed
1692 2839 1750 2899 id
1784 2840 2044 2921 glossema
2065 2841 2177 2915 est,
2204 2865 2334 2904 ver-

411 2937 590 2999 tinum
621 2934 939 3015 sequuntur.
1432 2932 1658 3012 sumque
1680 2934 1909 2993 excedit.
1943 2933 2000 2994 Si
2023 2937 2149 3015 quid
2169 2937 2338 2997 vide-

479 3050 503 3090 1
525 3025 759 3089 Praestat
779 3044 963 3087 tamen
979 3022 1217 3085 Sostrata
1240 3025 1312 3086 ab
1430 3046 1589 3100 mus,
1612 3025 1756 3108 seqq.
1780 3041 1862 3085 ut·
1839 3029 1962 3104 --fie
1985 3046 2241 3108 reguntur
2262 3031 2334 3090 ab

410 3111 1319 3200 obsequioetmansuetudine.Hinc
1440 3119 1536 3177 hoc
1552 3135 1600 3176 re
1614 3118 1852 3222 obsecro,
1871 3117 2008 3177 inter
2030 3137 2168 3210 quae
2189 3120 2337 3182 blan-

408 3235 480 3276 eo
505 3212 809 3274 faciliorem
837 3211 1001 3270 habet
1033 3214 1312 3272 maritum.
1430 3210 1500 3270 de
1540 3209 1780 3269 inseritur
1829 3209 2020 3284 causa,
2061 3231 2167 3291 qua
2210 3235 2334 3292 pre·

496 3327 533 3367 2
564 3303 835 3366 Mendum
869 3302 953 3363 hic
985 3303 1169 3364 versus
1206 3303 1313 3371 ha·
1431 3312 1521 3365 ces
1537 3303 1879 3365 adiuventur.
1916 3303 2165 3365 Velimus
2185 3309 2334 3376 enim

407 3398 542 3460 bere
577 3396 793 3458 videtur
835 3418 869 3460 a
903 3411 1033 3455 natu
1051 3418 1076 3469 ,·
1121 3395 1213 3457 sed
1259 3397 1314 3458 id
1430 3398 1638 3502 quan-do
1669 3412 1793 3454 tuus
1821 3396 1888 3477 est
1907 3397 2116 3455 animus
2138 3416 2330 3459 natura

407 3503 556 3549 certe
613 3489 895 3570 antiquum
922 3534 945 3561 ,
990 3488 1142 3572 quod
1191 3492 1310 3551 iam
1427 3490 1668 3571 aequior,
1696 3488 2058 3570 ignofientior.
2109 3490 2219 3552 Sed
2257 3493 2329 3554 nil

405 3581 562 3645 serv.
591 3582 664 3643 ad
683 3582 844 3667 Virg.
866 3583 1012 3645 Aen.
1040 3576 1156 3659 IX',
1193 3603 1302 3645 201
1426 3582 1691 3643 audemus
1708 3601 1899 3644 contra
1918 3582 2190 3646 vetustam
2208 3587 2329 3649 lec-

297 3712 302 3717 ·
407 3678 588 3740 refert.
633 3679 887 3758 Guyetus
903 3700 1005 3761 pro
1031 3700 1185 3740 more
1211 3699 1310 3740 ex·
1424 3681 1650 3740 tionem.

405 3771 599 3850 punxit
616 3769 873 3842 versum,
903 3771 966 3830 &
998 3771 1171 3832 Bentl.
1203 3791 1304 3850 pro
1507 3788 1535 3849 3
1569 3768 1913 3830 Extenuandi
1949 3771 2106 3832 causa
2132 3770 2202 3833 stc
2234 3773 2328 3833 di-

407 3860 581 3922 lubitn
594 3859 733 3917 male
750 3857 869 3916 satis
881 3858 1093 3941 refingit
1109 3883 1305 3940 quanto
1421 3882 1613 3924 cuntur
1633 3883 1879 3944 peccata.
1921 3870 2146 3929 Minora
2168 3868 2325 3941 sunt,

405 3970 467 4014 ιιι
482 3972 558 4009 me
573 3969 628 4007 es
641 3949 801 4006 annis
812 3947 1062 4029 gravior,
1079 3967 1231 4008 tanto
1244 3972 1302 4008 es
1416 3972 1555 4032 quae
1579 3956 1947 4034 imprudenter
1964 3956 2134 4032 fiunt,
2159 3979 2324 4038 quam

403 4040 769 4126 ignoftentior.
836 4038 1022 4119 Inepte
1065 4036 1186 4099 sane
1224 4040 1296 4099 ab
1413 4063 1551 4122 quae
1572 4062 1701 4103 cum
1720 4045 1937 4109 malitia.
1960 4047 2316 4121 Phorm.1v‚

404 4153 673 4195 annorum
688 4133 980 4215 gravitate,
992 4131 1046 4189 in
1062 4149 1169 4212 qua
1190 4130 1302 4191 laus
1427 4150 1495 4213 3,
1534 4152 1624 4214 54.

405 4248 520 4289 uon
513 4221 649 4299 est,
667 4246 806 4287 uxor
822 4225 1015 4286 veniae
1032 4221 1181 4307 spem
1203 4223 1300 4285 ha·
1496 4247 1536 4300 4
1563 4224 1629 4285 In
1672 4229 1941 4307 aequitate
1976 4214 2066 4286 illa
2105 4224 2321 4307 sapien-

407 4319 597 4396 beret3
633 4339 801 4403 quam
835 4317 1037 4385 habere
1055 4319 1242 4421 ,potuit
1276 4341 1311 4382 a
1429 4317 1534 4390 tis,
1588 4315 1851 4470 dominiR
1885 4319 2050 4399 patris
2069 4361 2092 4394 ,
2140 4318 2326 4383 iudicis
