2809 5234
699 1212 993 1289 omnia.
2191 1229 2290 1296 40

356 1356 484 1423 Pa.
512 1350 892 1440 Utrumque
926 1340 1063 1413 hoc
1101 1333 1337 1409 falsum
1371 1331 1516 1408 est·
1548 1332 1792 1412 effluet.
1822 1330 1899 1405 T.
1926 1353 2054 1428 qm
2049 1326 2287 1404 :stuc²
2337 1403 2343 1408 ,

251 1458 261 1471 ’
699 1469 830 1538 Pa.
851 1462 1012 1562 quia
1174 1540 1180 1545 ,
1545 1500 1556 1511 -

361 1580 618 1690 Neque
630 1609 706 1663 tu
730 1612 877 1665 uno
905 1610 1049 1660 eras
1080 1599 1432 1672 contenta,
1460 1585 1681 1680 neque
1708 1574 1885 1654 solus
1913 1578 2143 1653 dedit.

364 1719 541 1791 Nam
589 1713 757 1788 hic·
796 1735 1067 1811 quoque
1112 1709 1402 1794 bonam,
1443 1729 1883 1805 magnamque
1928 1724 2181 1802 partem
2210 1700 2322 1779 ad

491 1905 503 1918 .
703 1856 769 1911 te
819 1835 1057 1908 attulit.
1175 1884 1186 1901 .

377 1969 452 2038 Τ.
497 1968 591 2037 Ita
631 1962 771 2052 est3
814 1959 927 2034 sed
968 1958 1103 2053 fine
1133 1981 1245 2031 me
1288 1953 1690 2054 pervenire,
1729 1978 1873 2053 quo
1911 1951 2102 2028 vole.

305 2133 310 2140 ·
373 2095 623 2162 Interea
655 2087 906 2160 miles-²
925 2083 1112 2182 ,qui
1156 2108 1267 2157 me
1304 2105 1528 2153 amare
1559 2096 1959 2175 occeperat,
2199 2097 2292 2174 45

372 2218 443 2286 ln
484 2215 752 2286 Cariam
795 2208 891 2283 est
937 2190 1313 2306 prdfessus:
1358 2220 1424 2275 te
1460 2203 1704 2277 interea
1748 2203 1886 2276 loci

311 2372 317 2379 ·
372 2337 718 2438 Cognovi.
751 2353 899 2432 ,tute
950 2333 1113 2423 scis,
1154 2329 1308 2429 post
1352 2328 1461 2401 illa
1501 2351 1697 2425 quam
1753 2327 2057 2400 intimum

371 2460 669 2534 Habeam
697 2482 801 2548 te,
827 2477 896 2532 et
933 2482 1081 2531 mea
1115 2454 1383 2531 consilia
1416 2467 1442 2519 3
1495 2470 1572 2526 ut
1597 2451 1721 2524 tibi
1758 2454 2022 2526 credam
2052 2455 2305 2530 omnia.

375 2576 500 2659 Ph.
526 2585 761 2682 Neque
786 2583 922 2654 hoc
946 2581 1189 2655 tacebit
1217 2580 1568 2653 Parmeno.
1616 2580 1739 2650 Pa
1768 2578 1896 2666 oh,
1934 2580 2302 2656 dubiumne

505 2705 516 2713 ’
717 2706 789 2778 id
820 2704 967 2778 est?

388 2830 464 2906 T.
505 2831 660 2903 Hoc
703 2830 917 2928 agite,
940 2828 1201 2901 amabo.
1225 2851 1436 2902 mater
1461 2854 1605 2902 mea
1635 2828 1788 2902 illic·
1782 2853 2063 2906 mortua
2090 2830 2181 2904 est
2217 2853 2307 2932 50

381 2957 633 3054 Nuper.
659 2954 797 3028 eius
823 2952 1028 3047 grater
1063 2952 1469 3050 aliquantum
1496 2955 1581 3026 ad
1609 2979 1747 3025 rem
1778 2954 1871 3026 est
1897 2955 2183 3029 avidior.

382 3083 443 3156 Is
475 3081 589 3155 ubi
621 3096 653 3142 4
690 3080 859 3154 hanc
897 3075 1117 3152 forma
1154 3077 1336 3151 videt
1374 3076 1645 3149 honesta
1667 3077 2040 3176 virginem,

384 3207 470 3277 Et
502 3203 742 3279 fidibus
777 3191 954 3277 scire'
981 3219 1001 3267 5
1031 3257 1054 3290 ,
1090 3200 1375 3301 pretium
1421 3202 1721 3298 sperans,
1762 3203 1946 3275 illico

387 3322 756 3430 Producit3
794 3327 1050 3415 vendit.
1103 3324 1281 3398 forte
1310 3325 1579 3400 fortuna
1619 3326 1830 3400 adfuit

390 3450 522 3524 Hic
563 3475 750 3525 meus
798 3451 1099 3525 amicus:
1153 3451 1315 3525 emit
1366 3477 1513 3523 eam
1561 3453 1750 3526 dono
1805 3449 1971 3525 mihi
1999 3504 2026 3544 ,
2226 3474 2310 3554 55
2390 3517 2394 3521 ,

395 3715 415 3733 ·
442 3698 448 3705 ’
479 3717 506 3762 ι
527 3699 852 3764 Phaedriam
866 3703 1132 3785 indigitat.
1414 3705 1640 3784 aperiat.
1661 3701 1770 3764 Sed
1789 3724 1964 3787 neque
1981 3703 2209 3767 Phaedr.
2229 3727 2323 3767 ne·

478 3811 515 3853 2
557 3793 803 3854 Priorem
841 3791 1302 3854 amatorem-facit
1418 3806 1526 3879 φὶς
1548 3793 1730 3856 Parm.
1753 3790 1979 3876 putam,
1997 3819 2124 3859 eam
2144 3803 2324 3861 omnia

389 3885 654 3959 militem,
701 3901 869 3965 quam
929 3885 1297 3960 Phaedriam,
1420 3895 1653 3968 aperire.
2195 3918 2198 3925 ¹

394 3995 457 4038 ut
486 3992 773 4059 peccatum
802 3977 981 4036 minus
1008 3976 1297 4052 videatur,
1502 4004 1544 4057 4
1559 3982 1620 4063 N
1619 4000 1765 4044 artat
1783 3984 1955 4064 haec,
1973 4007 2004 4046 e
2023 3985 2220 4073 quibus
2235 4007 2329 4063 pa·

396 4073 570 4156 quod
569 4093 696 4134 eum
710 4068 1187 4133 nursusadmiserit.
1198 4073 1308 4136 Sed
1426 4093 1536 4138 teat
1553 4080 1783 4161 ‚quanti
1817 4083 1957 4161 preti
1962 4083 1976 4140 i
1999 4080 2064 4140 s1t
2091 4103 2332 4154 munus,

400 4167 569 4240 vide,
597 4176 770 4248 quam
786 4161 872 4224 illa
889 4160 1108 4237 statim,
1127 4184 1199 4225 ne
1217 4164 1303 4227 of
1424 4168 1506 4228 ob
1559 4166 1712 4252 §uod
1749 4170 1903 4230 miles
1951 4172 2221 4252 praeponi
2256 4169 2361 4232 ad-

397 4257 651 4321 fendatur
663 4256 949 4330 Phaedn‘a,
964 4255 1308 4320 blandimen·
1424 4277 1643 4343 tempus
1663 4265 1936 4324 meruerit.
2311 4315 2321 4327 .

400 4355 746 4420 tasubiiciat.
1514 4377 1549 4443 5
1571 4357 1786 4421 subint.
1821 4375 2038 4422 canere.

486 4472 522 4537 3
569 4451 742 4537 Quae
771 4449 995 4535 quidem
1022 4446 1125 4534 ipfi
1163 4471 1311 4521 nunc
