2809 5234
296 568 349 646 94
539 545 578 620 P.
633 539 1023 617 TERENTII

298 717 337 783 S.
359 705 414 780 Est
433 705 520 781 alius
543 706 717 806 quidam,
740 701 951 803 pamfitaster
977 701 1160 800 paululus:
1273 713 1277 720 '

297 829 433 907 Nostin’
453 832 493 904 ¹?
515 834 567 902 D.
580 831 649 903 iam
666 826 774 901 scibo.
787 832 825 899 S.
839 824 925 925 quid
938 825 1038 924 agis?
1051 851 1126 926 quo
1138 824 1216 902 abis
1236 831 1279 908 ¹?

497 955 550 1024 D.
569 951 670 1023 mitte
690 973 759 1022 me.
1255 973 1276 1052 5

297 1081 337 1149 S.
358 1072 467 1165 Noli,
489 1074 644 1173 inquam.
673 1081 718 1147 D.
746 1096 821 1147 non
836 1096 977 1146 manum
1000 1070 1148 1147 abstines
1160 1126 1173 1166 ,
1192 1099 1283 1157 ma·.

486 1193 621 1294 stigia)

298 1323 354 1392 An
379 1317 444 1390 tibi
465 1315 535 1389 iam
562 1315 673 1390 mavis
704 1315 886 1390 cerebrum
916 1312 1110 1414 dispergam
1144 1314 1205 1390 hic
1226 1319 1277 1391 ’ἲ

493 1451 525 1514 S.
550 1441 633 1516 abit.

277 1575 281 1597 '
300 1560 460 1657 Aedepol
484 1559 742 1634 comissatorem
760 1578 777 1622 ⁴
794 1558 887 1633 haud
906 1557 985 1634 sane
1004 1561 1264 1644 commodum,

298 1680 498 1754 Praesertim
530 1680 745 1779 Ctesiphoni.
773 1681 858 1780 quid
875 1705 942 1778 ego
969 1705 1062 1754 nune
1081 1684 1208 1778 agam?

297 1799 397 1891 Nisi,
426 1800 508 1873 dum
534 1803 600 1875 hae
625 1801 785 1877 filescunt
811 1803 964 1894 turbae,
983 1801 1112 1875 interea
1139 1802 1178 1873 in
1201 1828 1276 1878 an·

494 1927 614 2024 gulum
1220 1955 1274 2004 ιο

297 2045 428 2145 Aliquo
445 2048 594 2140 abeam,
611 2067 717 2150 atque
736 2050 964 2128 edormiscam
983 2051 1053 2127 hoc
1071 2047 1149 2126 villi
1166 2070 1195 2126 ς.
1218 2050 1274 2129 fic

483 2195 581 2268 agam
598 2173 627 2245 ⁴.

437 2408 641 2485 'Acws
683 2417 719 2484 V
755 2428 784 2487 ⁷.
827 2414 1052 2486 SCENA
1093 2419 1151 2492 ,1.

474 2622 749 2716 MlClO,
798 2627 1072 2699 DEMEA.

296 2728 568 2901 MPArataa
593 2820 694 2893 nobis
719 2820 823 2914 sunt,
842 2840 882 2896 ut
902 2822 996 2916 dixi,
1016 2819 1201 2919 Sosttata3

337 3123 350 3161 1
372 3101 467 3162 Etiam
483 3103 515 3161 in
528 3100 677 3161 mendacio
686 3123 737 3182 pa·
819 3105 919 3165 amica.

293 3231 356 3270 rum
370 3208 465 3269 subtili
481 3207 734 3270 confidensramen
857 3210 963 3286 5V1111·
976 3212 1107 3272 diminut.
1120 3217 1270 3291 provini.

291 3318 340 3376 cst.
855 3326 873 3378 6
890 3318 1065 3379 Dormiendi
1078 3316 1165 3398 igitur
1178 3336 1268 3380 tem-

331 3422 444 3504 2Syrus
458 3425 598 3485 Demeam
610 3425 730 3499 retinet3
813 3446 868 3507 pus
878 3425 960 3485 detut
967 3426 1042 3508 Syro
1051 3426 1177 3498 ,interea
1191 3427 1271 3490 dum

290 3534 318 3588 &
338 3529 369 3588 in
394 3549 429 3588 eo
449 3533 488 3590 est
508 3533 569 3590 veti
584 3528 730 3592 consessio.
813 3532 926 3592 Demea
947 3535 1025 3592 intus
1037 3529 1132 3591 turbas
1147 3532 1220 3608 det,
1238 3543 1271 3597 δι

289 3634 347 3696 Sed
372 3635 431 3696 iam
462 3657 556 3719 neque
584 3639 732 3722 abigant,
813 3637 908 3699 Micio
925 3637 1038 3718 nuptizs
1053 3655 1143 3715 paret.
1159 3637 1272 3702 stade·

289 3760 383 3825 neque
405 3742 583 3801 amovebitur
599 3740 692 3805 senex.
815 3766 896 3804 mum
909 3743 938 3806 h.
948 3741 969 3803 l.
978 3740 1040 3801 sinis
1052 3738 1083 3797 fit
1093 3741 1189 3819 quarti
1199 3746 1272 3809 Ας.

331 3868 344 3924 3
361 3843 470 3907 Baculo
486 3847 620 3909 minatur.
815 3865 870 3908 tus.
1061 3868 1063 3873 ·

329 3974 349 4024 4
379 3950 407 4009 h.
431 3971 457 4010 e.
486 3952 563 4035 quafi
585 3950 730 4029 sodalem,
852 3951 1013 4022 7Rationes
1023 3949 1157 4022 diximus,
1167 3973 1269 4036 quare

287 4055 339 4137 qui
363 4054 469 4115 interfit
493 4060 629 4122 convivio
660 4081 727 4123 eum
808 4059 931 4121 mmcd.
944 4059 1039 4119 nostra
1048 4073 1143 4117 vetere
1156 4066 1268 4130 etna.
