2809 5234
553 894 690 967 282
1058 900 2133 973 P.TERENT11'·

551 1056 621 1129 si
665 1024 900 1154 sapiess
937 1061 1038 1132 M.
1078 1058 1336 1137 faciam.
1370 1064 1438 1131 c,
1474 1060 1579 1132 abi
1616 1061 1843 1136 intro:
1880 1063 2041 1138 vide
2062 1109 2088 1151 ,
2127 1062 2286 1166 quid
2328 1088 2464 1168 po-⁴

883 1181 1094 1254 stuler.
2346 1204 2463 1289 ‘30

544 1310 685 1399 Ego
736 1302 920 1375 domi
967 1326 1127 1390 ere,
1169 1300 1215 1371 fi
1266 1301 1424 1400 quid
1476 1327 1584 1377 me
1628 1306 1839 1383 voles.
1884 1312 1994 1385 JV.
2039 1312 2188 1388 sane
2223 1316 2414 1391 volo.

542 1426 712 1494 Nam
756 1439 821 1495 te
866 1422 1171 1495 scientem
1218 1423 1455 1497 faciam
1484 1475 1507 1511 ‚
1557 1429 1879 1527 quidquid
1928 1458 2133 1531 egero
2172 1453 2219 1512 ¹.

878 1611 1299 1683 ACTUS
1411 1617 1491 1684 V.
1589 1617 1996 1692 SCENA
2093 1627 2152 1698 Ι.

745 1795 1565 1885 MENEDEMUS,
1663 1798 2264 1881 CHREMES.

544 2020 651 2091 M.
683 2027 710 2062 ²
741 1919 1048 2105 EGO,
1075 2037 1184 2087 me
1213 2024 1350 2087 non
1392 2031 1527 2088 tam
1570 2013 1844 2089 astutum
1873 2071 1896 2109 ,
1932 2045 2147 2118 neque
2182 2023 2272 2096 ita
2313 2053 2461 2121 per-

887 2139 1208 2234 spicacem
1254 2138 1432 2227 effe,
1468 2155 1492 2205 3
1539 2140 1609 2212 id
1652 2140 1833 2212 scio:

546 2265 675 2339 Sed
704 2264 812 2336 hic
850 2264 1114 2335 adiutor
1153 2285 1375 2351 meus,
1409 2283 1479 2355 et
1503 2264 1839 2354 monitor,
1872 2284 1941 2338 et
1974 2266 2455 2363 praemonstra-

888 2405 995 2458 tor
1025 2403 1055 2445 ⁴
1103 2386 1423 2460 Chremes

551 2516 705 2585 Hoc
760 2509 919 2580 mihi
972 2507 1273 2605 praestet.
1325 2510 1395 2582 in
1449 2535 1559 2584 me
1618 2511 1884 2610 quidvis
1941 2512 2170 2586 harum
2237 2540 2460 2587 rerum

887 2633 1247 2721 convenit,

489 2796 496 2804 ·
550 2759 745 2848 Quae
769 2755 914 2827 sunt
952 2771 968 2812 5
1006 2758 1179 2826 diae
1209 2759 1278 2828 in
1297 2757 1566 2831 stultum
1586 2812 1610 2849 ‚
1638 2757 1890 2832 caudex
1908 2811 1931 2849 ,
1959 2756 2152 2856 stipes
2174 2813 2201 2848 ,
2228 2759 2467 2852 astutis,

892 2881 1264 2976 plumbeus.

638 3085 662 3126 1
705 3065 951 3147 Uterque
990 3065 1152 3126 senex
1194 3065 1454 3146 degredi-
1570 3066 1770 3138 nitori,
1815 3083 2194 3151 omnem-rem
2233 3071 2430 3147 aperit.

544 3178 651 3221 tur.
695 3159 855 3220 Nunc
887 3161 1042 3241 igitur
1073 3158 1303 3239 sequitur
1325 3159 1448 3218 ulti·
1652 3179 1680 3240 3
1717 3159 1812 3221 Al.
1845 3161 2211 3223 redundanter
2238 3165 2300 3222 id
2334 3183 2471 3225 certo
2560 3218 2569 3227 .

548 3276 703 3314 mum
731 3253 1071 3313 intervallum
1093 3297 1113 3322 ,
1145 3272 1256 3331 quo
1292 3254 1354 3311 &
1383 3273 1451 3309 ο-
1555 3252 1694 3332 fiio.

549 3350 651 3428 pus
689 3345 765 3406 est
801 3346 1104 3424 Clitiphoni
1127 3391 1145 3417 ,
1181 3345 1275 3424 qui
1307 3345 1446 3403 inte·
1650 3334 1850 3418 4'Tria
1872 3346 2009 3405 haec
2030 3348 2238 3422 verba,
2276 3348 2469 3429 quibus

550 3464 639 3502 rea
672 3443 743 3503 fic
783 3445 921 3502 vivit
966 3462 1091 3500 cum
1142 3440 1450 3513 Bacchide,
1572 3437 1816 3519 designat
1858 3437 2246 3512 Chremetem,
2281 3466 2312 3502 e
2359 3443 2472 3504 sce-

549 3555 610 3594 ut
659 3537 811 3595 Men.
851 3537 1130 3616 cognitum
1183 3533 1279 3593 fibi
1318 3535 1452 3591 utri·
1570 3551 1641 3590 na
1669 3531 1883 3610 sumpta
1907 3530 2042 3592 sunt.
2082 3530 2169 3591 Sic
2204 3537 2352 3594 enim
2386 3537 2473 3595 di·-

551 3626 720 3706 usque
746 3649 989 3688 amorem
1030 3626 1310 3687 Chremeti
1344 3627 1450 3687 de·-
1571 3624 1834 3687 cebantur
1851 3670 1872 3697 ,
1906 3627 1998 3704 qui
2027 3624 2309 3686 histriones
2334 3650 2472 3689 mo-
2536 3680 2542 3685 .

547 3733 733 3798 tegere
753 3737 935 3798 queat,
953 3736 1113 3799 atque
1138 3718 1318 3778 fabula
1335 3720 1454 3779 exi·
1571 3716 1772 3778 nebant
1790 3761 1809 3787 ,
1830 3717 1995 3796 iisque
2020 3718 2189 3776 verba
2220 3716 2476 3800 suggere-

548 3824 668 3867 tum
700 3808 940 3868 inveniat
969 3811 1088 3870 abiu
1125 3812 1337 3873 ultimo,
1576 3812 1726 3871 bant.
1768 3808 1958 3890 ltaque
1986 3811 2047 3871 δι
2070 3811 2372 3873 redditurus
2395 3813 2474 3874 est

637 3921 670 3960 2
694 3901 1101 3975 Nax-rationem,
1121 3927 1150 3963 e
1166 3902 1271 3985 qua
1294 3905 1477 3984 expli-⁸
1571 3904 1725 3967 Men.
1749 3924 1887 3985 quae
1923 3920 2081 3965 antea
2118 3902 2212 3986 ipsi
2243 3927 2473 3986 praece-

548 3994 757 4054 eabitur
798 3992 977 4051 sabula
1009 4039 1026 4061 ,
1072 3997 1263 4076 incipit
1309 3995 1450 4056 solus
1571 4014 1726 4076 perat
1756 3995 2040 4078 Chremes·

553 4087 710 4148 Men.
736 4089 826 4167 qui
863 4088 1067 4164 primus
1088 4086 1300 4148 fraudes
1323 4087 1453 4169 Syri
1659 4107 1686 4169 ς
1730 4089 1905 4148 Bentl.
1929 4110 1996 4148 ex
2031 4110 2064 4149 2
2092 4088 2279 4151 codd.
2308 4110 2472 4169 repo·

553 4179 691 4239 vidit
713 4226 730 4252 ‚
764 4176 855 4238 sed
878 4175 948 4236 sic
988 4175 1077 4235 sua
1115 4176 1361 4238 felicitate
1386 4198 1458 4236 u·-
1577 4178 1654 4237 nit
1675 4176 1872 4250 dulae,
1901 4175 2052 4247 &fic
2071 4181 2175 4237 iam
2198 4193 2324 4236 ante
2344 4176 2477 4238 Da-

557 4272 676 4330 nice
700 4272 909 4342 laetus,
943 4271 1171 4331 nimium
1209 4270 1461 4330 insultans
1580 4270 1761 4329 cieria.
1822 4267 1932 4329 Sed
1971 4271 2122 4350 vulg.
2173 4269 2339 4329 fertur
2376 4271 2478 4342 iis,

558 4356 670 4421 fere
702 4363 798 4422 suo
829 4379 953 4422 ante
984 4363 1214 4422 adiutori
1243 4364 1307 4424 &
1338 4382 1463 4422 mo-
1581 4359 1780 4444 quibus
1809 4363 1945 4421 dicia
1968 4362 2027 4422 in
2047 4363 2267 4448 stultum
2299 4359 2402 4444 (h.
2426 4383 2481 4428 e.

2302 4529 2317 4565 Ι
