2809 5234
353 807 429 917 ’ψ
614 786 1094 943 arnugum

354 956 493 1039 avellem
508 982 648 1035 omnem
667 960 805 1037 miserae
823 960 978 1037 discidit:
1001 981 1076 1037 tum
1089 956 1195 1057 ipsam
1209 956 1315 1063 capili

391 1148 397 1155 .
527 1084 702 1161 conscidit.
1145 1148 1148 1153 .

354 1208 420 1283 'Pa
435 1209 535 1287 Hem,
554 1212 620 1305 Py.
633 1208 695 1308 qui
708 1230 800 1282 nunc
818 1206 844 1280 si
861 1208 959 1282 detur
978 1206 1087 1296 mihi,

354 1335 407 1410 Ut
424 1357 491 1435 ego
516 1334 681 1433 unguibus
702 1332 798 1409 sacile
819 1332 867 1407 illi
895 1334 932 1405 in
955 1332 1076 1408 oeulos
1093 1331 1251 1411 involem
1273 1360 1315 1413 vt

527 1455 660 1532 nesicol
1148 1476 1161 1543 t
1185 1530 1190 1535 .

357 1585 421 1659 Pa.
443 1582 569 1658 Nescio
587 1578 671 1680 quid
684 1574 858 1676 profesio,
880 1575 1011 1655 ahsente
1026 1575 1125 1652 nobis
1137 1623 1150 1666 ,
1163 1578 1315 1661 turbatur

527 1706 575 1782 est
593 1705 700 1780 domi.

358 1832 483 1909 Adibo.
496 1831 578 1932 quid
591 1828 699 1905 illue?
713 1827 796 1930 quid
811 1827 968 1933 festinas?
989 1847 1045 1905 aut
1061 1851 1164 1927 quem
1179 1832 1315 1928 qaner'u

531 1954 697 2055 Pythias?
985 1982 988 1987 ’

361 2080 427 2177 Py.
442 2081 547 2156 Ehem
562 2078 720 2155 Phaedria
732 2134 744 2168 ‚
755 2081 857 2179 egon'
865 2104 966 2178 quem
983 2077 1162 2176 quaeram?
1174 2077 1232 2154 abi
1242 2081 1315 2160 ‚hin

530 2230 602 2304 quo
621 2201 736 2302 dignu'
753 2229 789 2277 es
808 2228 887 2278 cum
907 2202 1006 2277 donis
1023 2203 1089 2277 ruis

360 2330 449 2403 Tam
475 2330 607 2428 lepidis.
631 2332 692 2402 Pa.
717 2328 800 2427 quid
821 2328 904 2403 illuc
924 2327 972 2402 esl
993 2327 1071 2402 teil
1299 2360 1314 2409 ι

361 2456 429 2549 Py.
451 2456 565 2553 Rogas
586 2454 664 2527 mei
693 2454 886 2527 eunuchum
905 2469 915 2504 ¹
944 2477 1046 2551 quem
1070 2451 1188 2529 dedisti
1212 2458 1315 2535 nobis

533 2603 614 2677 quas
636 2578 748 2652 turbas
771 2576 892 2652 dedit?

362 2700 559 2803 Virginem,
573 2728 672 2801 quam
689 2703 790 2778 herae
803 2701 898 2777 dono
911 2704 1048 2779 dederat
1062 2705 1176 2799 miles,
1192 2706 1315 2807 vitiavi

478 2812 487 2827 ,
534 2832 597 2901 Ph.
613 2827 697 2926 quid
717 2826 786 2900 ais!

363 2955 431 3050 Py.
448 2953 545 3027 Perii.
567 2957 630 3026 Pa.
649 2951 830 3029 temulenta
848 2978 894 3026 es.
915 2957 980 3049 Py.
1002 2951 1128 3026 utinam
1148 2951 1193 3028 sac
1216 2953 1282 3033 sint
1299 2974 1315 3009 ²

531 3079 590 3178 qui
612 3078 694 3150 mihi
718 3077 803 3149 male
823 3077 956 3152 volunt.

360 3208 413 3279 D.
430 3217 444 3270 3
463 3206 541 3292 Au,
563 3202 730 3287 obsecro,
751 3227 828 3276 mea
851 3203 1010 3303 Pythias,
1026 3219 1041 3264 ⁴
1055 3202 1137 3302 quid
1156 3201 1238 3277 isluc
1257 3230 1315 3283 nar

532 3326 673 3401 monstri
695 3325 786 3401 suitl

404 3558 419 3600 ι
452 3538 611 3600 Eunuchum
635 3537 671 3600 ad
695 3539 816 3604 verbum
876 3540 917 3602 dis
938 3542 1072 3609 ancillam.
1104 3543 1160 3606 Sed
1179 3545 1211 3606 δι
1227 3549 1315 3611 necea

360 3634 521 3721 proximum
551 3634 683 3707 refertur,
706 3655 758 3716 pro
792 3640 816 3697 is
875 3656 962 3709 erat,
991 3639 1153 3697 intervenire
1184 3637 1305 3701 Doricam

360 3727 609 3807 Eunuchus,quem
620 3730 711 3811 dedisti
724 3732 813 3804 nobis,
876 3752 946 3815 quac
956 3777 965 3805 ‚
974 3730 1107 3792 Phaedria
1125 3751 1195 3792 mox
1209 3735 1236 3791 in
1251 3736 1315 3798 aede

360 3847 429 3910 quas
446 3825 536 3885 turbas
550 3823 631 3889 dedit,
875 3825 935 3887 suas
944 3824 1080 3910 ingresso,
1099 3823 1262 3887 subserviret
1273 3851 1315 3889 ora

403 3941 421 3980 2
444 3916 499 3980 scil.
529 3915 615 3994 ebrii,
644 3941 701 3981 noa
725 3924 796 3985 vino
804 3945 815 3999 3
875 3924 946 3982 tium
962 3921 1088 4003 Pythiae.

357 4012 405 4078 sed
414 4013 496 4077 curis.
849 4070 873 4113 ·
917 4018 998 4092 4Al.
1011 4016 1104 4077 (Iodd.
1124 4015 1250 4097 quidnam
1261 4016 1315 4099 istu

402 4129 417 4194 3
445 4104 672 4192 Trepidatioaem
697 4106 814 4172 familiae
874 4106 1032 4171 Monstrum
1046 4132 1118 4170 vero
1131 4110 1198 4171 dicit
1209 4111 1312 4192 quode

359 4204 473 4289 amplius
512 4203 697 4281 ostensurus,
732 4225 817 4289 poeta
877 4226 975 4268 coarra
993 4226 1049 4270 aar.
1070 4211 1210 4271 eviratum
1235 4207 1315 4273 homi

355 4292 577 4365 seminandum
594 4298 709 4367 alterata
726 4297 816 4373 Thu,
875 4319 952 4375 aean,
962 4299 991 4360 iu
999 4321 1055 4384 quo
1063 4301 1167 4385 tdiquid
1182 4299 1215 4362 sit
1229 4304 1295 4365 viri.
