2809 5234
430 720 812 934 ⁴piacita.
1074 800 1146 880 ,ῳ

171 947 314 1041 Quaere
339 942 447 1027 alium
479 940 543 1013 tihi
572 937 792 1012 firmiorem¹
814 991 826 1031 ,
852 937 935 1011 dum
966 954 1104 1037 tempus
1130 955 1145 990 ²

379 1061 584 1144 consulendi
609 1061 670 1137 est.
1098 1090 1145 1139 20
1254 1087 1256 1092 ·

171 1187 261 1260 Nam
282 1207 395 1282 neque
410 1182 469 1254 ille
489 1198 499 1242 ⁵
517 1183 587 1254 hoc
601 1181 719 1254 animo
736 1180 802 1254 erit
816 1200 966 1258 aetatem
980 1200 1016 1275 ⁴,
1033 1209 1149 1285 neque

360 1304 423 1405 pol
449 1320 488 1375 tu
505 1305 626 1377 eadem
642 1300 703 1376 ista
722 1321 848 1379 aetate.

172 1431 215 1501 B.
248 1426 338 1520 Quis
363 1409 399 1498 id
426 1426 474 1499 ait
493 1427 533 1497 t?
559 1428 611 1498 L..
630 1423 748 1499 socrus
776 1437 803 1501 ⁴.
831 1430 874 1503 B.
901 1428 1025 1504 men’?
1053 1435 1090 1504 L.
1112 1449 1149 1508 te

360 1547 491 1646 ipsam:
507 1565 541 1621 et
561 1545 666 1621 filiam
681 1547 826 1622 abduxit
843 1570 858 1614 ⁷
884 1549 1000 1644 suam,

172 1675 393 1772 Puerumque
418 1671 467 1745 oh
497 1695 574 1743 eam
601 1693 677 1742 rem
700 1670 790 1744 clam
805 1673 945 1766 voluit,
967 1692 1069 1751 natus
1085 1676 1148 1776 qui

155 1791 158 1797 ’
368 1797 436 1888 est,
457 1795 673 1893 extinguere.
707 1863 710 1870 ,

164 1923 220 2003 ¹B.
238 1918 321 1994 Alid
340 1915 366 1988 fi
385 1912 506 1988 scirem
524 1912 567 2000 ⁸,
590 1906 652 2008 qui
676 1904 947 1992 firmatetmeam
967 1907 1060 2007 apud
1076 1932 1145 1996 vos
1185 1964 1188 1969 ,

370 2033 506 2134 poffem
521 2027 647 2120 fidem,

172 2283 286 2364 giorcm
298 2276 473 2342 audientiam
482 2270 620 2354 postulat.

144 2379 149 2388 ¹
171 2384 621 2451 Mdadicdabcumdenuntiatio·

172 2518 210 2556 ne
224 2491 535 2577 pronuntiandumest‚
550 2510 618 2577 qua-

172 2593 621 2675 sidicattalianuncrescst.Don.

217 2725 228 2765 r
244 2703 433 2773 Amatorem,
445 2698 536 2783 magis
548 2695 617 2771 fide·

169 2808 248 2885 ·lem,
267 2830 352 2893 quam
365 2804 548 2887 Pamphilum
559 2801 616 2876 (cf.

172 2917 208 2993 l,
227 2940 259 2992 1,
275 2919 318 2999 ι).
334 2916 415 2978 Hinc
428 2917 515 2975 etiam
529 2911 617 2973 intel·

171 3024 264 3108 ligas,
276 3025 446 3087 Bacchidem
454 3019 625 3084 fiuffediu‘

173 3133 272 3194 milem
286 3132 347 3193 illis
356 3178 366 3206 ‚
385 3153 456 3217 quae
472 3131 500 3190 se
517 3131 616 3189 omni-

172 3238 224 3299 hus
243 3237 439 3324 pertulgant3
462 3235 509 3296 sed
529 3257 612 3308 eam,

172 3363 245 3427 quae
254 3342 304 3404 uni
317 3343 437 3404 amatori
450 3340 477 3402 se
491 3341 615 3402 dederet.

215 3477 229 3513 a
248 3453 277 3515 h.
292 3453 314 3515 l.
331 3456 372 3515 est
392 3474 468 3516 aetas
484 3448 632 3525 amorum

171 3559 256 3638 felir,
270 3564 317 3624 sed
329 3573 356 3624 dc
372 3563 466 3625 velox.

108 3678 111 3685 '
213 3686 227 3744 3
244 3665 313 3726 Scil.
326 3664 504 3746 Pamphilus.

211 3780 231 3847 '4
247 3753 344 3850 Quam
359 3791 459 3831 vocem
471 3759 611 3830 ὶιιἘοᾶἀ.

171 3871 321 3952 umidam,
335 3876 415 3937 Don.
430 3873 523 3936 habet.
542 3874 616 3934 Mox

171 3981 312 4066 repetitur
324 3978 434 4040 diverso
447 3978 523 4052 casu,
535 3979 612 4039 unde

172 4085 259 4171 figura
274 4091 333 4162 est,
351 4089 472 4172 gratiam
494 4086 611 4148 habens.
687 4087 793 4165 firmet,
801 4088 880 4165 fidem
885 4089 938 4166 fibi
949 4089 1089 4167 adquifivit
1097 4106 1139 4148 at·
1242 4155 1244 4157 .

171 4192 311 4271 Quamvis
334 4200 411 4255 enim
435 4213 564 4268 aetatem,
582 4213 612 4255 ut

171 4293 259 4372 alibi,
279 4301 338 4360 vim
350 4300 478 4363 adverbii
493 4298 614 4374 haheat,

673 2315 676 2319 ⁷
703 2272 744 2332 est
760 2288 857 2369 tamen
879 2269 941 2352 ipse
959 2270 1048 2334 accufi
1062 2273 1097 2335 ab
1114 2294 1146 2333 ο-

701 2377 783 2444 miffa
799 2382 931 2466 praepos.
938 2406 995 2467 per.

742 2512 756 2566 5
770 2490 922 2574 Neglechis
932 2489 1058 2551 consiliis
1066 2496 1146 2553 iuve-

692 2595 809 2657 'nilibus
823 2601 858 2658 ad
872 2600 966 2680 ipsum
984 2603 1093 2660 crimen
1104 2623 1149 2661 re·
1182 2609 1185 2647 ῑ

699 2699 757 2772 dit,
769 2701 799 2780 sc
812 2721 906 2783 recept.
927 2705 1040 2787 Pamph.
1054 2715 1081 2766 dt
1096 2703 1145 2766 sua

699 2805 868 2873 innocentia
896 2806 987 2868 fidens
1014 2812 1144 2893 quaerit,

699 2934 759 2997 qun
782 2913 898 2973 authore
918 2916 978 2974 eius
1000 2925 1144 2998 arguatur.

741 3030 758 3080 6
785 3021 910 3083 Gravius
932 3021 989 3080 hoc
1010 3043 1141 3101 pronun·

698 3125 777 3191 tiassh
793 3131 922 3204 videtur,
936 3138 963 3189 dt
981 3121 1048 3189 ntor
1060 3131 1145 3191 vehe-

697 3237 823 3297 mentius
844 3238 966 3318 teipfiam
976 3259 989 3309 ;
1007 3236 1144 3321 additque

696 3344 790 3403 statim
802 3341 877 3404 fadha
888 3344 925 3417 ‚e
940 3344 1043 3428 quihus
1057 3344 1143 3404 intel-

698 3453 770 3540 ligat
784 3453 920 3528 Bacchis,
943 3475 1028 3539 quant
1046 3458 1143 3537 gravi·

649 3612 650 3615 ,
695 3582 738 3624 ter
751 3564 786 3648 ab
799 3561 860 3645 ipsa
873 3563 1142 3623 animadvertendae
1230 3621 1238 3635 ,

691 3664 788 3725 forent
800 3665 940 3736 iniuriae,
955 3685 1024 3750 quas
1032 3662 1140 3728 fecerit.

727 3790 752 3840 ‚7
766 3770 835 3830 Stil.
850 3790 880 3829 ut
900 3791 970 3853 quae
988 3774 1083 3834 avito
1103 3772 1141 3833 li-

697 3871 831 3935 bidinoso
851 3873 1064 3935 abstraheretur.

739 3984 756 4039 8
778 3981 853 4039 Dum
867 3983 972 4062 quaerit
993 3973 1043 4061 quo
1056 3983 1139 4061 fidem

694 4197 1137 4276 queadscrinfit.Don.Alis‚alid‚
1199 4227 1205 4241 ·

696 4302 813 4386 antique
826 4324 883 4384 pro
895 4303 965 4365 aliter
975 4347 984 4377 ,
1000 4303 1082 4367 aliud.
1166 4291 1171 4306 ’
