<?xml version="1.0" encoding="UTF-8"?>
<!DOCTYPE html PUBLIC "-//W3C//DTD XHTML 1.0 Transitional//EN"
    "http://www.w3.org/TR/xhtml1/DTD/xhtml1-transitional.dtd">
<html xmlns="http://www.w3.org/1999/xhtml" xml:lang="en" lang="en">
 <head>
  <title>
</title>
<meta http-equiv="Content-Type" content="text/html;charset=utf-8" />
  <meta name='ocr-system' content='tesseract 3.04.00' />
  <meta name='ocr-capabilities' content='ocr_page ocr_carea ocr_par ocr_line ocrx_word'/>
</head>
<body>
  <div class='ocr_page' id='page_1' title='image "./publiiterentiia00teregoog_0095.png"; bbox 0 0 2809 5234; ppageno 0'>
   <div class='ocr_carea' id='block_1_1' title="bbox 202 172 203 638">
    <p class='ocr_par' dir='ltr' id='par_1_1' title="bbox 202 172 203 638">
     <span class='ocr_line' id='line_1_1' title="bbox 202 172 203 638; baseline 0 4596"><span class='ocrx_word' id='word_1_1' title='bbox 202 172 203 638; x_wconf 95' lang='lat' dir='ltr'> </span> 
     </span>
    </p>
   </div>
   <div class='ocr_carea' id='block_1_2' title="bbox 455 710 2151 851">
    <p class='ocr_par' dir='ltr' id='par_1_2' title="bbox 455 710 2151 851">
     <span class='ocr_line' id='line_1_2' title="bbox 455 710 1843 745; baseline -0.002 -30"><span class='ocrx_word' id='word_1_2' title='bbox 455 710 460 715; x_wconf 92' lang='lat'>.</span> <span class='ocrx_word' id='word_1_3' title='bbox 541 740 548 745; x_wconf 51' lang='lat'>¹</span> <span class='ocrx_word' id='word_1_4' title='bbox 1305 730 1316 739; x_wconf 49' lang='grc' dir='ltr'>ι</span> <span class='ocrx_word' id='word_1_5' title='bbox 1832 718 1843 725; x_wconf 68' lang='grc'><em>·</em></span> 
     </span>
     <span class='ocr_line' id='line_1_3' title="bbox 2142 836 2151 851; baseline 0 0"><span class='ocrx_word' id='word_1_6' title='bbox 2142 836 2151 851; x_wconf 68' lang='grc'><strong><em>1</em></strong></span> 
     </span>
    </p>
   </div>
   <div class='ocr_carea' id='block_1_3' title="bbox 1030 1037 2310 1132">
    <p class='ocr_par' dir='ltr' id='par_1_3' title="bbox 1030 1037 2310 1132">
     <span class='ocr_line' id='line_1_4' title="bbox 1030 1037 2310 1132; baseline 0.003 -26"><span class='ocrx_word' id='word_1_7' title='bbox 1030 1037 1643 1111; x_wconf 49' lang='grc' dir='ltr'><strong>ΑΝῡΒιΑ</strong></span> <span class='ocrx_word' id='word_1_8' title='bbox 2226 1062 2310 1132; x_wconf 51' lang='lat' dir='ltr'>ss</span> 
     </span>
    </p>
   </div>
   <div class='ocr_carea' id='block_1_4' title="bbox 388 1194 2437 1909">
    <p class='ocr_par' dir='ltr' id='par_1_4' title="bbox 388 1194 2274 1417">
     <span class='ocr_line' id='line_1_5' title="bbox 388 1194 2274 1296; baseline -0.001 -24"><span class='ocrx_word' id='word_1_9' title='bbox 388 1201 645 1294; x_wconf 78' lang='lat' dir='ltr'>Perque</span> <span class='ocrx_word' id='word_1_10' title='bbox 687 1194 952 1271; x_wconf 87' lang='lat' dir='ltr'>unicam</span> <span class='ocrx_word' id='word_1_11' title='bbox 993 1217 1261 1296; x_wconf 86' lang='lat' dir='ltr'>gnatam</span> <span class='ocrx_word' id='word_1_12' title='bbox 1303 1216 1489 1269; x_wconf 90' lang='lat' dir='ltr'>tuam</span> <span class='ocrx_word' id='word_1_13' title='bbox 1519 1247 1541 1281; x_wconf 90' lang='lat'>,</span> <span class='ocrx_word' id='word_1_14' title='bbox 1584 1214 1652 1269; x_wconf 93' lang='lat' dir='ltr'>et</span> <span class='ocrx_word' id='word_1_15' title='bbox 1694 1210 1962 1293; x_wconf 82' lang='lat' dir='ltr'>gnatum</span> <span class='ocrx_word' id='word_1_16' title='bbox 2006 1220 2274 1290; x_wconf 87' lang='lat' dir='ltr'>meum,</span> 
     </span>
     <span class='ocr_line' id='line_1_6' title="bbox 388 1307 2008 1417; baseline -0.002 -24"><span class='ocrx_word' id='word_1_17' title='bbox 388 1322 597 1393; x_wconf 77' lang='lat' dir='ltr'>Cuius</span> <span class='ocrx_word' id='word_1_18' title='bbox 638 1307 763 1392; x_wconf 80' lang='lat' dir='ltr'>tibi</span> <span class='ocrx_word' id='word_1_19' title='bbox 810 1321 1095 1417; x_wconf 85' lang='lat' dir='ltr'>potestas</span> <span class='ocrx_word' id='word_1_20' title='bbox 1131 1322 1383 1393; x_wconf 88' lang='lat' dir='ltr'>summa</span> <span class='ocrx_word' id='word_1_21' title='bbox 1429 1320 1735 1396; x_wconf 86' lang='lat' dir='ltr'>servandi</span> <span class='ocrx_word' id='word_1_22' title='bbox 1770 1320 2008 1404; x_wconf 88' lang='lat' dir='ltr'>datur;</span> 
     </span>
    </p>

    <p class='ocr_par' dir='ltr' id='par_1_5' title="bbox 396 1441 2326 1657">
     <span class='ocr_line' id='line_1_7' title="bbox 398 1441 2326 1545; baseline 0 -27"><span class='ocrx_word' id='word_1_23' title='bbox 398 1448 499 1518; x_wconf 93' lang='lat' dir='ltr'>Ut</span> <span class='ocrx_word' id='word_1_24' title='bbox 536 1467 648 1516; x_wconf 88' lang='lat' dir='ltr'>me</span> <span class='ocrx_word' id='word_1_25' title='bbox 684 1442 963 1516; x_wconf 81' lang='lat' dir='ltr'>adiuves</span> <span class='ocrx_word' id='word_1_26' title='bbox 1007 1442 1076 1517; x_wconf 90' lang='lat' dir='ltr'>in</span> <span class='ocrx_word' id='word_1_27' title='bbox 1116 1445 1242 1518; x_wconf 85' lang='lat' dir='ltr'>hac</span> <span class='ocrx_word' id='word_1_28' title='bbox 1280 1469 1386 1518; x_wconf 86' lang='lat' dir='ltr'>re:</span> <span class='ocrx_word' id='word_1_29' title='bbox 1423 1462 1621 1545; x_wconf 86' lang='lat' dir='ltr'>atque</span> <span class='ocrx_word' id='word_1_30' title='bbox 1658 1445 1745 1516; x_wconf 91' lang='lat' dir='ltr'>ita</span> <span class='ocrx_word' id='word_1_31' title='bbox 1769 1493 1793 1530; x_wconf 91' lang='lat'>‚</span> <span class='ocrx_word' id='word_1_32' title='bbox 1822 1461 1895 1515; x_wconf 89' lang='lat' dir='ltr'>ut</span> <span class='ocrx_word' id='word_1_33' title='bbox 1928 1441 2188 1539; x_wconf 83' lang='lat' dir='ltr'>nuptiae</span> <span class='ocrx_word' id='word_1_34' title='bbox 2241 1466 2326 1518; x_wconf 83' lang='grc' dir='ltr'>ιο</span> 
     </span>
     <span class='ocr_line' id='line_1_8' title="bbox 396 1562 2137 1657; baseline -0.004 -17"><span class='ocrx_word' id='word_1_35' title='bbox 396 1572 676 1639; x_wconf 84' lang='lat' dir='ltr'>Fuerant</span> <span class='ocrx_word' id='word_1_36' title='bbox 708 1564 966 1636; x_wconf 88' lang='lat' dir='ltr'>futurae</span> <span class='ocrx_word' id='word_1_37' title='bbox 983 1618 1007 1657; x_wconf 90' lang='lat'><strong>,</strong></span> <span class='ocrx_word' id='word_1_38' title='bbox 1035 1562 1212 1639; x_wconf 79' lang='lat' dir='ltr'>fiant.</span> <span class='ocrx_word' id='word_1_39' title='bbox 1257 1568 1328 1640; x_wconf 87' lang='lat' dir='ltr'>C.</span> <span class='ocrx_word' id='word_1_40' title='bbox 1352 1566 1437 1637; x_wconf 88' lang='lat' dir='ltr'>ah</span> <span class='ocrx_word' id='word_1_41' title='bbox 1458 1621 1480 1656; x_wconf 91' lang='lat'><strong>,</strong></span> <span class='ocrx_word' id='word_1_42' title='bbox 1506 1591 1591 1640; x_wconf 87' lang='lat' dir='ltr'>ne</span> <span class='ocrx_word' id='word_1_43' title='bbox 1613 1591 1721 1640; x_wconf 87' lang='lat' dir='ltr'>me</span> <span class='ocrx_word' id='word_1_44' title='bbox 1748 1565 2023 1643; x_wconf 87' lang='lat' dir='ltr'>obsecra</span> <span class='ocrx_word' id='word_1_45' title='bbox 2061 1578 2081 1615; x_wconf 85' lang='lat'><em>¹</em></span> <span class='ocrx_word' id='word_1_46' title='bbox 2111 1586 2137 1633; x_wconf 74' lang='grc' dir='ltr'><strong><em>ε</em></strong></span> 
     </span>
    </p>

    <p class='ocr_par' dir='ltr' id='par_1_6' title="bbox 398 1686 2140 1784">
     <span class='ocr_line' id='line_1_9' title="bbox 398 1686 2140 1784; baseline 0 -26"><span class='ocrx_word' id='word_1_47' title='bbox 398 1686 603 1781; x_wconf 82' lang='lat' dir='ltr'>Quali</span> <span class='ocrx_word' id='word_1_48' title='bbox 650 1686 787 1759; x_wconf 90' lang='lat' dir='ltr'>hoc</span> <span class='ocrx_word' id='word_1_49' title='bbox 834 1701 901 1761; x_wconf 88' lang='lat' dir='ltr'>te</span> <span class='ocrx_word' id='word_1_50' title='bbox 945 1686 1203 1761; x_wconf 88' lang='lat' dir='ltr'>orando</span> <span class='ocrx_word' id='word_1_51' title='bbox 1228 1710 1265 1758; x_wconf 86' lang='lat' dir='ltr'>a</span> <span class='ocrx_word' id='word_1_52' title='bbox 1292 1713 1402 1760; x_wconf 88' lang='lat' dir='ltr'>me</span> <span class='ocrx_word' id='word_1_53' title='bbox 1430 1688 1783 1784; x_wconf 90' lang='lat' dir='ltr'>impetrare</span> <span class='ocrx_word' id='word_1_54' title='bbox 1810 1705 2140 1784; x_wconf 83' lang='lat' dir='ltr'>oporteat.</span> 
     </span>
    </p>

    <p class='ocr_par' dir='ltr' id='par_1_7' title="bbox 398 1804 2437 1909">
     <span class='ocr_line' id='line_1_10' title="bbox 398 1804 2437 1909; baseline 0.001 -29"><span class='ocrx_word' id='word_1_55' title='bbox 398 1807 620 1881; x_wconf 84' lang='lat' dir='ltr'>Alium</span> <span class='ocrx_word' id='word_1_56' title='bbox 682 1805 815 1880; x_wconf 79' lang='lat' dir='ltr'>effe</span> <span class='ocrx_word' id='word_1_57' title='bbox 876 1804 1097 1881; x_wconf 82' lang='lat' dir='ltr'>censes</span> <span class='ocrx_word' id='word_1_58' title='bbox 1154 1832 1332 1881; x_wconf 88' lang='lat' dir='ltr'>nunc</span> <span class='ocrx_word' id='word_1_59' title='bbox 1389 1832 1500 1881; x_wconf 89' lang='lat' dir='ltr'>me</span> <span class='ocrx_word' id='word_1_60' title='bbox 1529 1860 1553 1899; x_wconf 93' lang='lat'>,</span> <span class='ocrx_word' id='word_1_61' title='bbox 1599 1829 1794 1908; x_wconf 91' lang='lat' dir='ltr'>atque</span> <span class='ocrx_word' id='word_1_62' title='bbox 1849 1812 2016 1884; x_wconf 88' lang='lat' dir='ltr'>olim</span> <span class='ocrx_word' id='word_1_63' title='bbox 2041 1862 2066 1902; x_wconf 90' lang='lat'>,</span> <span class='ocrx_word' id='word_1_64' title='bbox 2117 1833 2330 1909; x_wconf 88' lang='lat' dir='ltr'>quum</span> <span class='ocrx_word' id='word_1_65' title='bbox 2431 1849 2437 1855; x_wconf 95' lang='lat'>·</span> 
     </span>
    </p>
   </div>
   <div class='ocr_carea' id='block_1_5' title="bbox 403 1928 2084 2146">
    <p class='ocr_par' dir='ltr' id='par_1_8' title="bbox 403 1928 2084 2146">
     <span class='ocr_line' id='line_1_11' title="bbox 735 1928 1026 2003; baseline -0.007 0"><span class='ocrx_word' id='word_1_66' title='bbox 735 1929 974 2003; x_wconf 87' lang='lat' dir='ltr'>dabam</span> <span class='ocrx_word' id='word_1_67' title='bbox 995 1928 1026 2002; x_wconf 65' lang='lat' dir='ltr'>i*</span> 
     </span>
     <span class='ocr_line' id='line_1_12' title="bbox 403 2032 2084 2146; baseline 0.002 -27"><span class='ocrx_word' id='word_1_68' title='bbox 403 2048 467 2120; x_wconf 87' lang='lat' dir='ltr'>Si</span> <span class='ocrx_word' id='word_1_69' title='bbox 503 2047 580 2139; x_wconf 59' lang='lat' dir='ltr'>¹in</span> <span class='ocrx_word' id='word_1_70' title='bbox 631 2072 770 2122; x_wconf 89' lang='lat' dir='ltr'>rem</span> <span class='ocrx_word' id='word_1_71' title='bbox 799 2047 893 2122; x_wconf 92' lang='lat' dir='ltr'>est</span> <span class='ocrx_word' id='word_1_72' title='bbox 919 2032 1181 2146; x_wconf 82' lang='lat' dir='ltr'>utrique</span> <span class='ocrx_word' id='word_1_73' title='bbox 1208 2100 1232 2139; x_wconf 93' lang='lat'>‚</span> <span class='ocrx_word' id='word_1_74' title='bbox 1273 2065 1350 2119; x_wconf 91' lang='lat' dir='ltr'>ut</span> <span class='ocrx_word' id='word_1_75' title='bbox 1389 2045 1551 2121; x_wconf 85' lang='lat' dir='ltr'>fiant</span> <span class='ocrx_word' id='word_1_76' title='bbox 1576 2096 1600 2133; x_wconf 90' lang='lat'>‚</span> <span class='ocrx_word' id='word_1_77' title='bbox 1643 2048 1866 2121; x_wconf 85' lang='lat' dir='ltr'>arceffi</span> <span class='ocrx_word' id='word_1_78' title='bbox 1904 2048 2084 2122; x_wconf 88' lang='lat' dir='ltr'>iube.</span> 
     </span>
    </p>
   </div>
   <div class='ocr_carea' id='block_1_6' title="bbox 396 2167 2373 2763">
    <p class='ocr_par' dir='ltr' id='par_1_9' title="bbox 396 2167 2327 2516">
     <span class='ocr_line' id='line_1_13' title="bbox 396 2167 2321 2267; baseline -0.001 -23"><span class='ocrx_word' id='word_1_79' title='bbox 396 2172 526 2245; x_wconf 86' lang='lat' dir='ltr'>Sed</span> <span class='ocrx_word' id='word_1_80' title='bbox 566 2170 615 2243; x_wconf 83' lang='lat' dir='ltr'>fi</span> <span class='ocrx_word' id='word_1_81' title='bbox 655 2196 739 2243; x_wconf 77' lang='lat' dir='ltr'>ex</span> <span class='ocrx_word' id='word_1_82' title='bbox 781 2193 858 2245; x_wconf 88' lang='lat' dir='ltr'>ea</span> <span class='ocrx_word' id='word_1_83' title='bbox 900 2194 972 2242; x_wconf 91' lang='lat' dir='ltr'>re</span> <span class='ocrx_word' id='word_1_84' title='bbox 1003 2168 1152 2264; x_wconf 89' lang='lat' dir='ltr'>plus</span> <span class='ocrx_word' id='word_1_85' title='bbox 1179 2169 1335 2240; x_wconf 89' lang='lat' dir='ltr'>mali</span> <span class='ocrx_word' id='word_1_86' title='bbox 1368 2167 1507 2259; x_wconf 87' lang='lat' dir='ltr'>est,</span> <span class='ocrx_word' id='word_1_87' title='bbox 1533 2194 1730 2266; x_wconf 88' lang='lat' dir='ltr'>quam</span> <span class='ocrx_word' id='word_1_88' title='bbox 1759 2170 2107 2243; x_wconf 88' lang='lat' dir='ltr'>commodi</span> <span class='ocrx_word' id='word_1_89' title='bbox 2241 2191 2321 2267; x_wconf 78' lang='grc' dir='ltr'>ις</span> 
     </span>
     <span class='ocr_line' id='line_1_14' title="bbox 402 2271 2327 2393; baseline -0.003 -24"><span class='ocrx_word' id='word_1_90' title='bbox 402 2294 726 2393; x_wconf 86' lang='lat' dir='ltr'><strong>Utrique,</strong></span> <span class='ocrx_word' id='word_1_91' title='bbox 753 2293 823 2364; x_wconf 88' lang='lat' dir='ltr'>id</span> <span class='ocrx_word' id='word_1_92' title='bbox 856 2315 989 2363; x_wconf 90' lang='lat' dir='ltr'>oro</span> <span class='ocrx_word' id='word_1_93' title='bbox 1015 2309 1124 2379; x_wconf 90' lang='lat' dir='ltr'>te,</span> <span class='ocrx_word' id='word_1_94' title='bbox 1155 2289 1224 2360; x_wconf 90' lang='lat' dir='ltr'>in</span> <span class='ocrx_word' id='word_1_95' title='bbox 1261 2314 1620 2363; x_wconf 90' lang='lat' dir='ltr'>commune</span> <span class='ocrx_word' id='word_1_96' title='bbox 1665 2311 1740 2362; x_wconf 88' lang='lat' dir='ltr'>ut</span> <span class='ocrx_word' id='word_1_97' title='bbox 1776 2291 2112 2364; x_wconf 87' lang='lat' dir='ltr'>consulas:</span> <span class='ocrx_word' id='word_1_98' title='bbox 2312 2271 2327 2281; x_wconf 51' lang='grc'>’</span> 
     </span>
     <span class='ocr_line' id='line_1_15' title="bbox 396 2415 2167 2516; baseline -0.001 -24"><span class='ocrx_word' id='word_1_99' title='bbox 396 2419 598 2510; x_wconf 72' lang='lat' dir='ltr'>Quali</span> <span class='ocrx_word' id='word_1_100' title='bbox 629 2420 738 2491; x_wconf 91' lang='lat' dir='ltr'>illa</span> <span class='ocrx_word' id='word_1_101' title='bbox 777 2434 891 2490; x_wconf 86' lang='lat' dir='ltr'>tua</span> <span class='ocrx_word' id='word_1_102' title='bbox 925 2415 1045 2506; x_wconf 87' lang='lat' dir='ltr'>fit,</span> <span class='ocrx_word' id='word_1_103' title='bbox 1085 2416 1544 2516; x_wconf 83' lang='lat' dir='ltr'>Pamphilique</span> <span class='ocrx_word' id='word_1_104' title='bbox 1591 2440 1724 2514; x_wconf 89' lang='lat' dir='ltr'>ego</span> <span class='ocrx_word' id='word_1_105' title='bbox 1770 2415 1884 2488; x_wconf 87' lang='lat' dir='ltr'>fim</span> <span class='ocrx_word' id='word_1_106' title='bbox 1933 2434 2167 2515; x_wconf 49' lang='lat' dir='ltr'>pater„</span> 
     </span>
    </p>

    <p class='ocr_par' dir='ltr' id='par_1_10' title="bbox 397 2536 2373 2763">
     <span class='ocr_line' id='line_1_16' title="bbox 397 2536 2259 2637; baseline 0.002 -26"><span class='ocrx_word' id='word_1_107' title='bbox 397 2548 468 2611; x_wconf 87' lang='lat' dir='ltr'>S.</span> <span class='ocrx_word' id='word_1_108' title='bbox 501 2544 646 2611; x_wconf 88' lang='lat' dir='ltr'>Imo</span> <span class='ocrx_word' id='word_1_109' title='bbox 671 2538 763 2611; x_wconf 87' lang='lat' dir='ltr'>ita</span> <span class='ocrx_word' id='word_1_110' title='bbox 791 2537 960 2611; x_wconf 87' lang='lat' dir='ltr'>volo</span> <span class='ocrx_word' id='word_1_111' title='bbox 985 2588 1009 2622; x_wconf 89' lang='lat'>‚</span> <span class='ocrx_word' id='word_1_112' title='bbox 1038 2537 1262 2636; x_wconf 87' lang='lat' dir='ltr'>itaque</span> <span class='ocrx_word' id='word_1_113' title='bbox 1293 2539 1558 2637; x_wconf 86' lang='lat' dir='ltr'>postulo</span> <span class='ocrx_word' id='word_1_114' title='bbox 1579 2592 1602 2628; x_wconf 90' lang='lat'>,</span> <span class='ocrx_word' id='word_1_115' title='bbox 1638 2561 1714 2613; x_wconf 90' lang='lat' dir='ltr'>ut</span> <span class='ocrx_word' id='word_1_116' title='bbox 1741 2536 1891 2627; x_wconf 85' lang='lat' dir='ltr'>fiat,</span> <span class='ocrx_word' id='word_1_117' title='bbox 1921 2539 2259 2615; x_wconf 80' lang='lat' dir='ltr'>Chreme:</span> 
     </span>
     <span class='ocr_line' id='line_1_17' title="bbox 404 2659 2373 2763; baseline 0 -28"><span class='ocrx_word' id='word_1_118' title='bbox 404 2666 647 2759; x_wconf 87' lang='lat' dir='ltr'>Neque</span> <span class='ocrx_word' id='word_1_119' title='bbox 710 2659 1042 2754; x_wconf 88' lang='lat' dir='ltr'>postulem</span> <span class='ocrx_word' id='word_1_120' title='bbox 1113 2664 1226 2734; x_wconf 89' lang='lat' dir='ltr'>abs</span> <span class='ocrx_word' id='word_1_121' title='bbox 1289 2683 1355 2736; x_wconf 90' lang='lat' dir='ltr'>te</span> <span class='ocrx_word' id='word_1_122' title='bbox 1378 2716 1402 2755; x_wconf 93' lang='lat'>,</span> <span class='ocrx_word' id='word_1_123' title='bbox 1470 2663 1590 2736; x_wconf 80' lang='lat' dir='ltr'>nifi</span> <span class='ocrx_word' id='word_1_124' title='bbox 1667 2662 1808 2763; x_wconf 87' lang='lat' dir='ltr'>ipsa</span> <span class='ocrx_word' id='word_1_125' title='bbox 1875 2688 1979 2738; x_wconf 88' lang='lat' dir='ltr'>res</span> <span class='ocrx_word' id='word_1_126' title='bbox 2046 2681 2373 2740; x_wconf 80' lang='lat' dir='ltr'>moneat.-</span> 
     </span>
    </p>
   </div>
   <div class='ocr_carea' id='block_1_7' title="bbox 324 2779 2347 3106">
    <p class='ocr_par' dir='ltr' id='par_1_11' title="bbox 324 2779 2347 3106">
     <span class='ocr_line' id='line_1_18' title="bbox 751 2779 1217 2874; baseline 0.002 -23"><span class='ocrx_word' id='word_1_127' title='bbox 751 2781 817 2851; x_wconf 88' lang='lat' dir='ltr'>C.</span> <span class='ocrx_word' id='word_1_128' title='bbox 867 2779 1027 2874; x_wconf 89' lang='lat' dir='ltr'>quid</span> <span class='ocrx_word' id='word_1_129' title='bbox 1070 2779 1217 2852; x_wconf 76' lang='lat' dir='ltr'>est?</span> 
     </span>
     <span class='ocr_line' id='line_1_19' title="bbox 324 2900 2335 3008; baseline 0.004 -33"><span class='ocrx_word' id='word_1_130' title='bbox 324 2906 350 2923; x_wconf 72' lang='lat'>⁸</span> <span class='ocrx_word' id='word_1_131' title='bbox 410 2909 485 2976; x_wconf 84' lang='lat' dir='ltr'>S.</span> <span class='ocrx_word' id='word_1_132' title='bbox 526 2913 557 2948; x_wconf 88' lang='lat'>²</span> <span class='ocrx_word' id='word_1_133' title='bbox 607 2900 750 2976; x_wconf 85' lang='lat' dir='ltr'>Irae</span> <span class='ocrx_word' id='word_1_134' title='bbox 815 2901 965 2975; x_wconf 90' lang='lat' dir='ltr'>sunt</span> <span class='ocrx_word' id='word_1_135' title='bbox 1022 2903 1195 2976; x_wconf 90' lang='lat' dir='ltr'>inter</span> <span class='ocrx_word' id='word_1_136' title='bbox 1262 2901 1658 3006; x_wconf 87' lang='lat' dir='ltr'>Glycerium</span> <span class='ocrx_word' id='word_1_137' title='bbox 1711 2928 1781 2983; x_wconf 89' lang='lat' dir='ltr'>et</span> <span class='ocrx_word' id='word_1_138' title='bbox 1832 2933 2125 3008; x_wconf 88' lang='lat' dir='ltr'>gnatum.</span> <span class='ocrx_word' id='word_1_139' title='bbox 2203 2914 2276 2984; x_wconf 87' lang='lat' dir='ltr'>C.</span> <span class='ocrx_word' id='word_1_140' title='bbox 2311 2925 2335 2974; x_wconf 83' lang='lat'><em>³</em></span> 
     </span>
     <span class='ocr_line' id='line_1_20' title="bbox 747 3029 2347 3106; baseline -0.001 -2"><span class='ocrx_word' id='word_1_141' title='bbox 747 3029 976 3106; x_wconf 89' lang='lat' dir='ltr'>audio.</span> <span class='ocrx_word' id='word_1_142' title='bbox 1065 3050 1070 3055; x_wconf 89' lang='grc'><em>·</em></span> <span class='ocrx_word' id='word_1_143' title='bbox 2254 3053 2347 3103; x_wconf 82' lang='lat'>20</span> 
     </span>
    </p>
   </div>
   <div class='ocr_carea' id='block_1_8' title="bbox 407 3150 2473 3366">
    <p class='ocr_par' dir='ltr' id='par_1_12' title="bbox 407 3150 2473 3366">
     <span class='ocr_line' id='line_1_21' title="bbox 407 3150 2473 3268; baseline 0.001 -42"><span class='ocrx_word' id='word_1_144' title='bbox 407 3159 477 3226; x_wconf 86' lang='lat' dir='ltr'>S.</span> <span class='ocrx_word' id='word_1_145' title='bbox 528 3155 624 3226; x_wconf 89' lang='lat' dir='ltr'>Ita</span> <span class='ocrx_word' id='word_1_146' title='bbox 666 3179 942 3254; x_wconf 88' lang='lat' dir='ltr'>magnae</span> <span class='ocrx_word' id='word_1_147' title='bbox 968 3207 990 3244; x_wconf 91' lang='lat'>‚</span> <span class='ocrx_word' id='word_1_148' title='bbox 1021 3172 1098 3226; x_wconf 83' lang='lat' dir='ltr'>ut</span> <span class='ocrx_word' id='word_1_149' title='bbox 1140 3150 1394 3250; x_wconf 86' lang='lat' dir='ltr'>sperem</span> <span class='ocrx_word' id='word_1_150' title='bbox 1441 3151 1628 3268; x_wconf 82' lang='lat' dir='ltr'>poss&#39;e</span> <span class='ocrx_word' id='word_1_151' title='bbox 1669 3151 1893 3226; x_wconf 75' lang='lat' dir='ltr'>avelli.</span> <span class='ocrx_word' id='word_1_152' title='bbox 1952 3155 2024 3224; x_wconf 88' lang='lat' dir='ltr'>C.</span> <span class='ocrx_word' id='word_1_153' title='bbox 2064 3150 2344 3228; x_wconf 86' lang='lat' dir='ltr'>fabulae.</span> <span class='ocrx_word' id='word_1_154' title='bbox 2468 3186 2473 3190; x_wconf 92' lang='lat'>·</span> 
     </span>
     <span class='ocr_line' id='line_1_22' title="bbox 410 3269 2156 3366; baseline -0.004 -20"><span class='ocrx_word' id='word_1_155' title='bbox 410 3283 484 3346; x_wconf 75' lang='lat' dir='ltr'>S2</span> <span class='ocrx_word' id='word_1_156' title='bbox 515 3275 823 3350; x_wconf 63' lang='lat' dir='ltr'>Profeuo</span> <span class='ocrx_word' id='word_1_157' title='bbox 848 3278 937 3352; x_wconf 87' lang='lat' dir='ltr'>fic</span> <span class='ocrx_word' id='word_1_158' title='bbox 967 3277 1083 3351; x_wconf 90' lang='lat' dir='ltr'>est.</span> <span class='ocrx_word' id='word_1_159' title='bbox 1135 3282 1210 3351; x_wconf 78' lang='lat' dir='ltr'>C:</span> <span class='ocrx_word' id='word_1_160' title='bbox 1240 3279 1323 3352; x_wconf 82' lang='lat' dir='ltr'>fic</span> <span class='ocrx_word' id='word_1_161' title='bbox 1350 3276 1612 3366; x_wconf 89' lang='lat' dir='ltr'>hercle,</span> <span class='ocrx_word' id='word_1_162' title='bbox 1643 3291 1716 3347; x_wconf 91' lang='lat' dir='ltr'>ut</span> <span class='ocrx_word' id='word_1_163' title='bbox 1746 3274 1961 3345; x_wconf 87' lang='lat' dir='ltr'>dicam</span> <span class='ocrx_word' id='word_1_164' title='bbox 1992 3269 2156 3343; x_wconf 88' lang='lat' dir='ltr'>tibi:</span> 
     </span>
    </p>
   </div>
   <div class='ocr_carea' id='block_1_9' title="bbox 408 3391 2350 3857">
    <p class='ocr_par' dir='ltr' id='par_1_13' title="bbox 408 3391 1938 3499">
     <span class='ocr_line' id='line_1_23' title="bbox 408 3391 1938 3499; baseline -0.005 -29"><span class='ocrx_word' id='word_1_165' title='bbox 408 3398 819 3470; x_wconf 71' lang='lat' dir='ltr'>Amantium,</span> <span class='ocrx_word' id='word_1_166' title='bbox 842 3398 978 3499; x_wconf 88' lang='lat' dir='ltr'>irae</span> <span class='ocrx_word' id='word_1_167' title='bbox 997 3453 1022 3489; x_wconf 91' lang='lat'><strong>,</strong></span> <span class='ocrx_word' id='word_1_168' title='bbox 1064 3401 1309 3471; x_wconf 86' lang='lat' dir='ltr'>amoris</span> <span class='ocrx_word' id='word_1_169' title='bbox 1343 3415 1375 3460; x_wconf 84' lang='lat'>4</span> <span class='ocrx_word' id='word_1_170' title='bbox 1424 3393 1780 3495; x_wconf 72' lang='lat' dir='ltr'>integratio</span> <span class='ocrx_word' id='word_1_171' title='bbox 1826 3391 1938 3463; x_wconf 82' lang='lat' dir='ltr'>est.</span> 
     </span>
    </p>

    <p class='ocr_par' dir='ltr' id='par_1_14' title="bbox 413 3512 2350 3857">
     <span class='ocr_line' id='line_1_24' title="bbox 414 3512 2350 3611; baseline -0.001 -23"><span class='ocrx_word' id='word_1_172' title='bbox 414 3524 489 3589; x_wconf 85' lang='lat' dir='ltr'>S.</span> <span class='ocrx_word' id='word_1_173' title='bbox 515 3519 717 3609; x_wconf 87' lang='lat' dir='ltr'>Hem,</span> <span class='ocrx_word' id='word_1_174' title='bbox 743 3520 813 3593; x_wconf 92' lang='lat' dir='ltr'>id</span> <span class='ocrx_word' id='word_1_175' title='bbox 840 3539 905 3594; x_wconf 92' lang='lat' dir='ltr'>te</span> <span class='ocrx_word' id='word_1_176' title='bbox 925 3544 1083 3611; x_wconf 90' lang='lat' dir='ltr'>or0,</span> <span class='ocrx_word' id='word_1_177' title='bbox 1109 3541 1183 3592; x_wconf 90' lang='lat' dir='ltr'>ut</span> <span class='ocrx_word' id='word_1_178' title='bbox 1208 3538 1358 3594; x_wconf 88' lang='lat' dir='ltr'>ante</span> <span class='ocrx_word' id='word_1_179' title='bbox 1382 3542 1631 3602; x_wconf 84' lang='lat' dir='ltr'>eamus,</span> <span class='ocrx_word' id='word_1_180' title='bbox 1658 3517 1816 3587; x_wconf 88' lang='lat' dir='ltr'>dum</span> <span class='ocrx_word' id='word_1_181' title='bbox 1843 3534 2107 3608; x_wconf 77' lang='lat' dir='ltr'>tempus</span> <span class='ocrx_word' id='word_1_182' title='bbox 2133 3512 2350 3604; x_wconf 86' lang='lat' dir='ltr'>datur,</span> 
     </span>
     <span class='ocr_line' id='line_1_25' title="bbox 413 3632 2338 3740; baseline -0.003 -28"><span class='ocrx_word' id='word_1_183' title='bbox 413 3641 733 3740; x_wconf 86' lang='lat' dir='ltr'>Dumque</span> <span class='ocrx_word' id='word_1_184' title='bbox 772 3643 913 3715; x_wconf 87' lang='lat' dir='ltr'>eius</span> <span class='ocrx_word' id='word_1_185' title='bbox 951 3643 1183 3715; x_wconf 89' lang='lat' dir='ltr'>lubido</span> <span class='ocrx_word' id='word_1_186' title='bbox 1211 3641 1473 3714; x_wconf 87' lang='lat' dir='ltr'>occlusa</span> <span class='ocrx_word' id='word_1_187' title='bbox 1498 3638 1593 3710; x_wconf 85' lang='lat' dir='ltr'>est</span> <span class='ocrx_word' id='word_1_188' title='bbox 1621 3632 2059 3710; x_wconf 78' lang='lat' dir='ltr'>contumeliis,</span> <span class='ocrx_word' id='word_1_189' title='bbox 2256 3660 2338 3734; x_wconf 83' lang='lat'>25</span> 
     </span>
     <span class='ocr_line' id='line_1_26' title="bbox 413 3752 2348 3857; baseline -0.001 -26"><span class='ocrx_word' id='word_1_190' title='bbox 413 3759 802 3857; x_wconf 83' lang='lat' dir='ltr'>Priusquam</span> <span class='ocrx_word' id='word_1_191' title='bbox 830 3761 1066 3832; x_wconf 83' lang='lat' dir='ltr'>harum</span> <span class='ocrx_word' id='word_1_192' title='bbox 1092 3760 1355 3853; x_wconf 76' lang='lat' dir='ltr'>scelera,</span> <span class='ocrx_word' id='word_1_193' title='bbox 1379 3776 1446 3831; x_wconf 89' lang='lat' dir='ltr'>et</span> <span class='ocrx_word' id='word_1_194' title='bbox 1465 3757 1793 3829; x_wconf 86' lang='lat' dir='ltr'>lacrumae</span> <span class='ocrx_word' id='word_1_195' title='bbox 1812 3752 2133 3830; x_wconf 62' lang='lat' dir='ltr'>conficlae</span> <span class='ocrx_word' id='word_1_196' title='bbox 2150 3756 2348 3849; x_wconf 85' lang='lat' dir='ltr'>dolis,</span> 
     </span>
    </p>
   </div>
   <div class='ocr_carea' id='block_1_10' title="bbox 413 3947 2351 4567">
    <p class='ocr_par' dir='ltr' id='par_1_15' title="bbox 413 3947 2350 4362">
     <span class='ocr_line' id='line_1_27' title="bbox 514 3947 2350 4043; baseline -0.002 -21"><span class='ocrx_word' id='word_1_197' title='bbox 514 3983 538 4022; x_wconf 88' lang='lat'><em>1</em></span> <span class='ocrx_word' id='word_1_198' title='bbox 562 3959 850 4021; x_wconf 78' lang='lat' dir='ltr'>placabitis</span> <span class='ocrx_word' id='word_1_199' title='bbox 869 3959 945 4033; x_wconf 47' lang='grc' dir='ltr'>,δι</span> <span class='ocrx_word' id='word_1_200' title='bbox 967 3959 1099 4018; x_wconf 86' lang='lat' dir='ltr'>lenis</span> <span class='ocrx_word' id='word_1_201' title='bbox 1120 3960 1327 4021; x_wconf 81' lang='lat' dir='ltr'>amicus</span> <span class='ocrx_word' id='word_1_202' title='bbox 1443 3958 1595 4042; x_wconf 88' lang='lat' dir='ltr'>quod</span> <span class='ocrx_word' id='word_1_203' title='bbox 1633 3947 1899 4022; x_wconf 79' lang='lat' dir='ltr'>Chremes</span> <span class='ocrx_word' id='word_1_204' title='bbox 1942 3959 2055 4043; x_wconf 90' lang='lat' dir='ltr'>ipse</span> <span class='ocrx_word' id='word_1_205' title='bbox 2095 3960 2308 4022; x_wconf 82' lang='lat' dir='ltr'>dixerat</span> <span class='ocrx_word' id='word_1_206' title='bbox 2326 4006 2350 4034; x_wconf 91' lang='lat'>‚</span> 
     </span>
     <span class='ocr_line' id='line_1_28' title="bbox 415 4060 2349 4153; baseline 0 -24"><span class='ocrx_word' id='word_1_207' title='bbox 415 4089 516 4153; x_wconf 86' lang='lat' dir='ltr'>per</span> <span class='ocrx_word' id='word_1_208' title='bbox 555 4078 736 4125; x_wconf 84' lang='lat' dir='ltr'>totam</span> <span class='ocrx_word' id='word_1_209' title='bbox 783 4060 1024 4121; x_wconf 85' lang='lat' dir='ltr'>fabulam</span> <span class='ocrx_word' id='word_1_210' title='bbox 1060 4061 1326 4123; x_wconf 77' lang='lat' dir='ltr'>inducitur</span> <span class='ocrx_word' id='word_1_211' title='bbox 1442 4063 1671 4145; x_wconf 84' lang='lat' dir='ltr'>Pamph.</span> <span class='ocrx_word' id='word_1_212' title='bbox 1688 4087 1790 4147; x_wconf 84' lang='lat' dir='ltr'>pro</span> <span class='ocrx_word' id='word_1_213' title='bbox 1805 4086 1975 4128; x_wconf 84' lang='lat' dir='ltr'>uxore</span> <span class='ocrx_word' id='word_1_214' title='bbox 1988 4064 2189 4126; x_wconf 85' lang='lat' dir='ltr'>habere</span> <span class='ocrx_word' id='word_1_215' title='bbox 2205 4063 2349 4129; x_wconf 86' lang='lat' dir='ltr'>haue</span> 
     </span>
     <span class='ocr_line' id='line_1_29' title="bbox 415 4166 1808 4251; baseline -0.006 -13"><span class='ocrx_word' id='word_1_216' title='bbox 415 4174 687 4239; x_wconf 86' lang='lat' dir='ltr'>Chremes</span> <span class='ocrx_word' id='word_1_217' title='bbox 702 4213 724 4241; x_wconf 91' lang='lat'>,</span> <span class='ocrx_word' id='word_1_218' title='bbox 745 4185 807 4229; x_wconf 91' lang='lat' dir='ltr'>ut</span> <span class='ocrx_word' id='word_1_219' title='bbox 827 4167 1127 4251; x_wconf 84' lang='lat' dir='ltr'>cognitioni</span> <span class='ocrx_word' id='word_1_220' title='bbox 1156 4166 1228 4227; x_wconf 87' lang='lat' dir='ltr'>ad</span> <span class='ocrx_word' id='word_1_221' title='bbox 1247 4166 1329 4226; x_wconf 87' lang='lat' dir='ltr'>ul-</span> <span class='ocrx_word' id='word_1_222' title='bbox 1444 4169 1808 4251; x_wconf 81' lang='lat' dir='ltr'>peregrinam.</span> 
     </span>
     <span class='ocr_line' id='line_1_30' title="bbox 413 4266 2232 4362; baseline -0.004 -23"><span class='ocrx_word' id='word_1_223' title='bbox 413 4279 612 4362; x_wconf 77' lang='lat' dir='ltr'>timum</span> <span class='ocrx_word' id='word_1_224' title='bbox 646 4270 890 4336; x_wconf 85' lang='lat' dir='ltr'>intereffe</span> <span class='ocrx_word' id='word_1_225' title='bbox 916 4269 1096 4355; x_wconf 85' lang='lat' dir='ltr'>poffit.</span> <span class='ocrx_word' id='word_1_226' title='bbox 1539 4290 1568 4353; x_wconf 85' lang='lat'>3</span> <span class='ocrx_word' id='word_1_227' title='bbox 1604 4269 1754 4333; x_wconf 88' lang='lat' dir='ltr'>Cum</span> <span class='ocrx_word' id='word_1_228' title='bbox 1796 4269 1900 4331; x_wconf 89' lang='lat' dir='ltr'>risu</span> <span class='ocrx_word' id='word_1_229' title='bbox 1928 4266 2232 4351; x_wconf 86' lang='lat' dir='ltr'>respondet.</span> 
     </span>
    </p>

    <p class='ocr_par' dir='ltr' id='par_1_16' title="bbox 418 4356 2351 4567">
     <span class='ocr_line' id='line_1_31' title="bbox 501 4356 2351 4464; baseline -0.001 -20"><span class='ocrx_word' id='word_1_230' title='bbox 501 4405 535 4444; x_wconf 86' lang='lat'>2</span> <span class='ocrx_word' id='word_1_231' title='bbox 562 4381 692 4444; x_wconf 89' lang='lat' dir='ltr'>Hoc</span> <span class='ocrx_word' id='word_1_232' title='bbox 718 4381 862 4443; x_wconf 84' lang='lat' dir='ltr'>laeto</span> <span class='ocrx_word' id='word_1_233' title='bbox 896 4379 1051 4442; x_wconf 83' lang='lat' dir='ltr'>vultu</span> <span class='ocrx_word' id='word_1_234' title='bbox 1079 4400 1332 4464; x_wconf 85' lang='lat' dir='ltr'>pronun·</span> <span class='ocrx_word' id='word_1_235' title='bbox 1428 4356 1437 4367; x_wconf 41' lang='lat'>³</span> <span class='ocrx_word' id='word_1_236' title='bbox 1531 4402 1572 4455; x_wconf 86' lang='lat'>4</span> <span class='ocrx_word' id='word_1_237' title='bbox 1621 4378 1720 4445; x_wconf 87' lang='lat' dir='ltr'>Al.</span> <span class='ocrx_word' id='word_1_238' title='bbox 1769 4379 1932 4440; x_wconf 85' lang='lat' dir='ltr'>codd.</span> <span class='ocrx_word' id='word_1_239' title='bbox 1976 4379 2307 4462; x_wconf 73' lang='lat' dir='ltr'>reintegratio</span> <span class='ocrx_word' id='word_1_240' title='bbox 2324 4406 2351 4457; x_wconf 82' lang='lat'>,-</span> 
     </span>
     <span class='ocr_line' id='line_1_32' title="bbox 418 4484 1942 4567; baseline -0.001 -16"><span class='ocrx_word' id='word_1_241' title='bbox 418 4486 519 4551; x_wconf 78' lang='lat' dir='ltr'>tiat</span> <span class='ocrx_word' id='word_1_242' title='bbox 551 4485 705 4551; x_wconf 86' lang='lat' dir='ltr'>Simo</span> <span class='ocrx_word' id='word_1_243' title='bbox 722 4533 743 4565; x_wconf 90' lang='lat'>‚</span> <span class='ocrx_word' id='word_1_244' title='bbox 776 4505 836 4550; x_wconf 89' lang='lat' dir='ltr'>ut</span> <span class='ocrx_word' id='word_1_245' title='bbox 876 4487 1206 4551; x_wconf 86' lang='lat' dir='ltr'>contrarium</span> <span class='ocrx_word' id='word_1_246' title='bbox 1242 4488 1335 4562; x_wconf 89' lang='lat' dir='ltr'>ei,</span> <span class='ocrx_word' id='word_1_247' title='bbox 1454 4485 1523 4554; x_wconf 83' lang='lat' dir='ltr'>al.</span> <span class='ocrx_word' id='word_1_248' title='bbox 1556 4484 1942 4567; x_wconf 76' lang='lat' dir='ltr'>redintegratio,</span> 
     </span>
    </p>
   </div>
  </div>
 </body>
</html>
