2809 5234
290 752 361 850 238
532 755 572 832 P.
628 756 1024 837 'tentum

287 918 378 989 Nam
392 940 466 1015 quo
481 918 604 993 redibo
619 920 736 995 oread
751 918 965 1022 nmquam
983 906 1241 1007 contemserint
1255 936 1278 1008 ’ἓ

287 1041 330 1113 C.
349 1044 431 1112 Tum
447 1067 564 1135 autem,
583 1049 797 1139 Antiphonem
814 1051 908 1120 video
926 1051 967 1119 ab
977 1051 1045 1145 sese
1062 1059 1211 1130 amittere
1224 1082 1270 1158 25

286 1167 433 1234 Invitum
446 1194 539 1256 cam,
559 1166 664 1265 inque
684 1187 708 1242 ¹.
724 1172 774 1243 D.
787 1187 863 1242 tum
882 1189 998 1244 autem
1019 1175 1129 1252 video
1146 1180 1271 1256 filium

288 1289 441 1361 Invitum
462 1289 540 1362 sane
555 1292 736 1364 mulierem
757 1291 801 1364 ab
819 1292 852 1366 se
874 1295 1043 1371 amittere.

189 1401 191 1405 ¹
235 1513 239 1521 .
286 1413 353 1483 Sed
369 1412 470 1484 transt
487 1413 586 1485 sodes
602 1414 644 1485 ad
658 1413 798 1505 forum,
819 1435 925 1514 atque
942 1416 1029 1492 illud
1049 1421 1137 1495 mihi

285 1536 478 1630 Argentum
491 1529 625 1604 rursum
639 1530 722 1602 iube
737 1529 876 1603 rescribi
894 1552 931 1624 ²,
953 1537 1131 1612 Phormio.

283 1662 329 1733 P.
354 1660 508 1751 Quodne
524 1680 591 1755 ego
612 1653 763 1754 discripsi
782 1673 792 1717 ³
809 1679 920 1753 porro
946 1661 1034 1753 illis,
1051 1665 1175 1763 quibu’
1198 1671 1271 1743 de-

479 1778 539 1851 bui
556 1781 570 1851 t
1213 1815 1269 1884 30

281 1908 335 1978 D.
350 1904 447 1997 Quid
467 1904 572 2001 igitur
588 1902 649 1976 fiet
665 1906 709 1974 ⁴?
735 1905 777 1974 P.
792 1899 817 1974 st
839 1902 892 1977 vis
906 1905 954 1975 mi
974 1930 1120 1977 uxorem
1138 1910 1231 1986 dare
1254 1969 1270 2007 ‚

282 2023 399 2114 Quam
414 2019 648 2117 despondisti,
669 2022 792 2094 ducam
807 2045 817 2092 ε
831 2018 879 2091 fin
893 2018 960 2109 est,
976 2038 1015 2092 ut
1028 2023 1116 2093 velis

281 2146 423 2213 Manere
437 2141 529 2212 illam
541 2141 633 2238 apud
648 2160 707 2230 te,
722 2141 785 2212 dos
798 2139 854 2213 hi'c
870 2158 1029 2232 maneat,
1048 2141 1236 2238 Demipho
1251 2177 1265 2222 ε

267 2242 371 2337 'Nam
392 2289 463 2336 non
478 2262 525 2334 est
543 2286 713 2362 aequom,
729 2287 784 2334 me
800 2283 945 2360 propter
961 2289 1027 2337 vos
1040 2264 1155 2359 decipi
1171 2293 1180 2337 t

280 2390 371 2460 Cum
382 2413 448 2485 ego
457 2385 561 2460 vestri
572 2389 717 2461 honoris
728 2385 827 2460 causa
846 2409 858 2451 t
872 2390 1054 2486 repudium
1065 2388 1195 2463 alterae
1207 2417 1256 2495 35

279 2506 504 2596 Remiserim,
519 2532 607 2605 quae
628 2508 722 2580 dotis
736 2510 943 2580 tantundem
957 2507 1070 2580 dabat.

279 2631 332 2702 D.
347 2629 408 2702 lin
418 2630 542 2704 malam
557 2656 631 2704 tem
645 2632 726 2706 hinc
742 2655 822 2704 cum
838 2628 919 2703 istac
934 2626 1190 2726 magnificentia
1209 2645 1223 2681 ⁶
1238 2688 1256 2722 ‚

323 2930 334 2967 t
347 2908 383 2970 Et
393 2908 463 2970 alter
478 2909 560 2970 senex
572 2909 724 2971 ridiculum
806 2912 892 2972 zittm
914 2911 1037 2969 dederat.

275 3015 304 3079 sc
313 3023 486 3080 monitorem
500 3018 640 3098 (submisse
650 3022 720 3079 hacc
845 3043 857 3099 3
881 3021 962 3079 Don.
991 3017 1079 3078 ntultis
1092 3038 1143 3096 per
1158 3019 1250 3099 βήρ-

275 3127 444 3205 dicentem)
472 3126 587 3206 praebet
612 3122 691 3182 fratri
708 3168 717 3202 ‚
801 3144 885 3183 turam
905 3125 1002 3182 reddidi
1015 3167 1025 3193 ,
1039 3122 1125 3180 multis
1143 3126 1247 3198 diditi,

276 3233 326 3314 qui
342 3234 408 3290 dunt
422 3232 505 3289 verba
522 3228 642 3286 fideliter
655 3227 717 3284 ted·
799 3227 826 3287 h.
849 3251 875 3286 e.
899 3249 945 3306 ap.
967 3228 1160 3307 argentarium
1187 3226 1247 3288 sol-

275 3338 339 3409 dct,
353 3340 459 3418 paritet
480 3333 506 3393 se
531 3331 718 3392 deridendum
800 3334 909 3389 vendor
923 3328 1064 3412 assignavi.

271 3450 452 3528 propinabit.
470 3445 540 3507 Chr.
549 3445 665 3528 quidem
674 3445 715 3500 vi·
838 3466 856 3514 4
878 3441 963 3499 Dent.
986 3441 1034 3498 ubi
1053 3442 1109 3500 iam
1130 3440 1244 3522 dilapi-

273 3550 334 3608 deri
361 3553 444 3626 vult,
474 3572 618 3636 tamqnam
651 3571 713 3608 nott
797 3550 892 3609 datum
909 3548 1243 3629 auditargentutmhne-

272 3648 360 3728 iplius
383 3673 427 3710 tes
444 3675 552 3736 agatur.
798 3674 863 3711 tenc
890 3670 980 3733 togae.
1013 3648 1151 3708 Phormio
1173 3648 1242 3708 satis

314 3772 336 3808 t.
347 3754 511 3833 Rescribebm
525 3778 628 3816 numos
642 3803 649 3830 ‚
663 3756 713 3840 qui
794 3744 947 3839 inngnifice
971 3752 998 3813 se
1023 3756 1096 3838 perit
1110 3801 1118 3828 ,
1138 3756 1243 3814 condi-

272 3857 468 3917 tenumcrabat
520 3865 714 3924 intercedente
798 3868 892 3923 tiones
907 3863 1003 3921 distat.

272 3962 412 4043 scriptura
431 3948 478 4043 ap.
494 3970 686 4046 argentarium
703 3990 713 4044 3
831 3965 1088 4046 5Vesttirespeetu
1099 3965 1240 4034 3cf.v.t6.

272 4067 712 4150 ctHor.llserm.3‚75.Scri-
838 4075 943 4150 6Qua
958 4073 1074 4130 honesta
1089 4073 1123 4129 de
1143 4080 1238 4140 tc,&
1280 4067 1282 4071 ⁵

270 4173 712 4260 bebateosille,qnipriussctip·
795 4179 946 4257 repudium
967 4195 1019 4234 cet.
1040 4178 1136 4234 ladas.
1164 4173 1237 4233 scit.

271 4293 333 4340 tuta
344 4282 538 4347 intercedente
551 4310 605 4369 pet
619 4312 714 4371 erape-
795 4287 878 4349 senex
887 4329 896 4360 ,
914 4284 1024 4345 Phanio
1040 4288 1150 4366 agnita,
1162 4281 1237 4343 frau-
