2809 5234
607 346 636 352 ·-—
646 344 697 354 r<—

170 738 175 742 ⁴
305 793 1004 873 nonnonnrouru
1081 811 1148 888 ῃ,

183 958 277 1029 Mur.
298 970 320 1036 ·<
327 976 365 1029 ut
380 957 509 1027 Ennius
535 982 586 1045 ap.
611 952 686 1024 Cic.
710 956 753 1024 de
780 952 906 1024 Seneci.
930 955 1000 1021 init.
1016 960 1152 1032 adiuero)

186 1049 280 1120 Don.
310 1070 403 1119 notat
423 1060 603 1120 :Secundum
626 1077 645 1112 ν
662 1054 838 1137 pronuntiari
869 1054 963 1120 debet,
980 1044 1151 1115 adiuverit.

184 1139 274 1210 Hinc
295 1141 413 1212 Faern.
431 1142 581 1231 colligit,
608 1163 676 1207 non
694 1137 850 1224 scriptum
865 1137 956 1205 fuisse
973 1135 1153 1205 secundum

185 1259 228 1318 νς
243 1233 298 1302 sed
309 1233 387 1323 quid
402 1233 478 1301 inde
495 1231 602 1301 versui
620 1228 821 1309 consulitur,
838 1227 859 1295 fi
880 1245 1153 1319 tumenpronun-

184 1325 333 1394 nandum
360 1325 413 1393 stt?
438 1324 551 1412 ltaque
575 1322 630 1391 alii
658 1323 777 1412 legunt
796 1346 853 1408 up.
875 1319 967 1398 Don.
993 1345 1151 1409 noreproa.

185 1425 279 1500 deber,
294 1418 382 1507 quod
398 1418 524 1505 placet,
540 1439 581 1482 ne
596 1413 644 1481 nil
654 1413 766 1482 dixisse
780 1410 930 1506 credatur
942 1409 1036 1479 Don.

179 1583 182 1591 ¹
232 1510 291 1576 lin.
307 1533 340 1599 7.
356 1518 516 1598 experimur.
545 1506 598 1574 Sic
616 1504 732 1574 Faern.
751 1507 908 1584 coniecit,
929 1527 1071 1592 eumque
1096 1500 1152 1571 se-
1205 1520 1209 1527 '

183 1623 328 1689 quuntur
349 1625 477 1669 omnes.
499 1596 564 1667 Sed
584 1596 701 1667 Bemb.
726 1605 899 1686 experiemur.
914 1595 976 1664 Al.
992 1593 1103 1664 Codd.
1118 1601 1152 1666 δι

152 1728 156 1737 ’
187 1691 261 1760 edd.
286 1711 370 1764 vett.
395 1693 464 1772 fere
482 1712 598 1757 omnes
612 1698 791 1778 experiamur.

230 1809 305 1875 pag.
322 1807 386 1875 194
400 1785 458 1854 lin.
480 1791 512 1852 6.
527 1779 637 1850 Bentl.
652 1780 802 1850 audacier
818 1802 879 1873 pro
893 1807 994 1845 erucem
1007 1775 1154 1848 rescribit

186 1882 296 1944 nralum.

231 1991 307 2059 pag.
335 1985 396 2058 195
418 1966 478 2035 lin.
491 1989 525 2051 4.
541 1962 617 2032 Alii
632 1962 716 2032 baud
731 1963 815 2033 bene
832 1965 993 2032 omittunt
1006 1970 1075 2028 lem.
1162 1968 1165 1973 '

231 2061 289 2128 lin.
313 2083 343 2151 ς.
368 2067 444 2144 Quin
465 2068 548 2148 igitur
570 2064 632 2123 dte.
651 2053 763 2124 Codd.
777 2061 807 2121 δι
824 2055 896 2122 edd.
914 2059 995 2123 mire
1014 2058 1155 2135 variant,
1193 2069 1199 2085 '

186 2156 218 2217 8t
240 2151 356 2219 Faern.
386 2176 428 2218 ex
450 2148 567 2226 Bemb.
591 2147 682 2217 dedit
703 2155 770 2214 Tum
789 2155 826 2239 ig.
848 2144 927 2215 Non
946 2171 1021 2216 cum
1043 2144 1155 2220 Bentl.

185 2238 352 2329 sequimur
365 2238 454 2310 Serv.
471 2240 619 2329 adVirg.
636 2240 729 2308 Aen.
749 2237 917 2325 lX,484.
1118 2306 1120 2310 ,
1169 2276 1172 2281 -

231 2356 307 2421 pag.
324 2338 382 2420 196
394 2332 452 2398 lin.
464 2354 485 2422 9
495 2329 542 2419 sq.
555 2360 571 2397 o
585 2339 702 2420 lepidum
713 2354 807 2420 caput.
821 2326 936 2398 Faetn.
957 2327 1048 2397 delet
1062 2350 1156 2416 caput,

186 2424 277 2508 quod
291 2421 379 2491 abest
399 2419 550 2490 aBemb.
566 2428 599 2490 δι
615 2421 744 2492 versum
766 2423 861 2491 aliter
878 2422 1028 2500 ordinat,
1042 2439 1159 2511 auget:

186 2537 252 2600 que
278 2515 385 2584 vorbis
402 2511 449 2581 G.
464 2521 520 2579 iam
530 2517 615 2600 feres.
628 2513 755 2602 Neque
768 2513 800 2581 id
816 2514 938 2581 malum
954 2510 1096 2582 videtur.

233 2604 314 2674 ibid.
329 2608 408 2691 aufer
424 2629 461 2670 te.
476 2601 588 2675 Bentl.
604 2604 651 2672 nil
663 2605 777 2686 videt,
794 2605 873 2672 dum
892 2606 962 2674 edit
983 2607 1096 2691 auferre.

232 2722 308 2790 pag.
329 2697 459 2789 197'lin.
478 2723 490 2765 r
508 2697 555 2786 sq.
571 2695 646 2766 Alii
660 2696 865 2789 subiungant
879 2695 954 2765 huic
968 2697 1075 2766 versui
1085 2717 1159 2766 ver·

131 2864 133 2868 ,
190 2787 262 2861 sum
284 2791 412 2879 prorsus
427 2790 597 2870 inutilem,
621 2791 663 2858 al.
681 2810 885 2878 praeponunt
904 2816 937 2860 v.
956 2784 1008 2858 28.
1027 2796 1080 2854 Pb.
1097 2795 1159 2856 Abi

185 2910 250 2948 uera
264 2909 278 2961 ;
304 2892 348 2949 die
363 2931 373 2964 ,
386 2889 491 2971 praesta
505 2905 537 2946 ut
549 2889 588 2967 fir
604 2891 687 2948 dorni.
710 2879 855 2950 Faernus
869 2906 948 2952 vero
965 2883 1089 2968 pridem
1100 2905 1159 2948 ex·

187 2978 324 3060 punxit,
347 2995 383 3043 ut
401 2972 606 3045 subdititium
622 2998 633 3058 3
653 2993 691 3042 ut
705 2997 804 3062 quem
827 2998 937 3062 neque
955 2970 1159 3057 Bembinus,

186 3085 294 3154 neque
310 3085 485 3136 contextus
496 3063 584 3134 Cod.
600 3065 727 3135 Vilior.
743 3064 930 3155 agnoscant.
1201 3116 1206 3133 ,

231 3181 306 3248 pag.
323 3182 388 3226 200
402 3159 461 3226 lin.
477 3181 501 3226 1.
514 3165 807 3246 Neque--experirier.
833 3155 887 3226 Sic
905 3157 990 3246 legit
1004 3154 1159 3224 Priscian.
1210 3236 1212 3241 .
1280 3211 1284 3227 ..

183 3245 263 3334 bis,
281 3250 382 3338 idque
401 3247 539 3337 probant
563 3247 643 3320 Riv.
666 3248 783 3319 Heins.
807 3247 918 3319 Bentl.
941 3268 1021 3317 cett.
1047 3245 1100 3315 Sic
1125 3254 1158 3317 δι

187 3339 297 3409 versus
313 3340 446 3429 pulchre
458 3340 490 3412 se
507 3342 615 3410 babet.
633 3340 697 3412 Sed
713 3341 801 3412 Cod.
817 3339 935 3409 Bemb.
956 3340 1054 3409 babet
1063 3347 1158 3427 Neque

186 3440 253 3501 adea
272 3438 416 3522 defetiscar
427 3463 545 3522 unquam
558 3462 622 3524 exp.
639 3433 691 3505 Sic
703 3433 815 3505 versus
824 3458 889 3501 non
902 3433 1035 3503 constat.
1056 3431 1158 3501 Aliae
1246 3440 1250 3449 '

186 3524 260 3595 edd·
279 3525 425 3612 priscae,
447 3531 481 3593 in
503 3524 607 3613 iisque
630 3527 737 3594 nostra
752 3533 871 3614 :Neque
891 3529 945 3612 defi
969 3554 1016 3615 ego
1039 3551 1158 3610 unquam

186 3626 253 3682 odeo
271 3644 334 3704 exp.
351 3615 455 3708 Quod
478 3614 500 3684 fi
522 3620 632 3685 mute's
655 3646 774 3704 uuquam
794 3622 827 3684 in
850 3623 955 3704 usque,
969 3616 1159 3705 probemus.

191 3710 284 3792 Usque
299 3717 366 3774 adea
388 3706 497 3774 nostro
512 3708 779 3795 quoquedicitur
792 3707 897 3775 Andr.
918 3707 988 3792 lV,
1013 3733 1051 3789 1,
1074 3709 1125 3797 38.

233 3799 292 3864 lin.
310 3822 359 3864 12.
381 3806 439 3881 Ubi
455 3805 606 3864 Phaedriae
619 3805 681 3866 &o
694 3797 978 3868 Pronuntiandum
993 3807 1157 3882 Phaedriai,

188 3894 221 3955 bc
240 3889 328 3976 quod
352 3890 457 3980 vulgo
477 3888 646 3957 subiicitur
666 3894 697 3975 se
719 3894 753 3957 in
777 3890 903 3960 versum
926 3892 973 3981 sq.
991 3894 1062 3982 post
1082 3901 1159 3958 arai-

187 4008 249 4047 eum
271 3979 501 4068 inserendum3
522 3981 703 4070 quodcum
728 3981 837 4052 Bentl.
861 3982 1047 4074 sequimur,
1061 4005 1098 4053 ut
1115 4009 1159 4054 u-

186 4092 303 4159 terque
320 4072 431 4142 versus
451 4075 620 4161 procedat.
1036 4078 1038 4083 ’

234 4165 291 4232 lin.
309 4165 358 4234 18.
369 4165 430 4234 Al.
442 4172 494 4251 sed
504 4175 572 4253 quid
579 4174 709 4255 pertimui
718 4171 824 4234 autem?
838 4166 917 4237 Nos
931 4193 1005 4237 cum
1018 4165 1157 4237 Helnllo

189 4260 287 4323 meni
307 4256 400 4325 causa
420 4259 599 4346 spernimus
614 4264 683 4343 sed,
706 4261 796 4345 quod
813 4261 984 4333 redundat.
999 4261 1051 4332 Sic
1069 4259 1159 4333 Eun.

139 4397 142 4406 ι
188 4342 297 4438 V28,
315 4370 332 4444 5
349 4356 506 4443 Periiqut'd
518 4358 670 4420 boc'aurem
691 4358 727 4441 est
749 4357 846 4420 mali?
