2809 5234
443 678 540 713 ...N-

1107 688 1116 697 a

972 707 984 714 .

886 861 1652 936 ΡΗΟΚΜῙΟζ
1922 843 1929 851 ’
2086 868 2322 948 ur,

203 1032 546 1101 Eamus
571 1079 598 1116 ‚
646 1022 771 1099 duc
819 1051 941 1096 nos
982 1025 1201 1119 sodes.
1266 1022 1444 1096 imus
1482 1038 1502 1071 ⁸
1537 1074 1562 1112 ,
1612 1018 1933 1097 venimus
1959 1071 1985 1112 ,

300 1150 702 1222 Videmus:
749 1147 954 1244 virgo
996 1144 1336 1243 pulchra3
1378 1159 1451 1216 et
1493 1165 1639 1240 quo
1682 1139 1894 1237 magis
1933 1140 2233 1234 diceres,

293 1234 490 1342 Nihil
527 1268 762 1339 aderat
804 1261 1186 1337 adiumenti
1221 1261 1307 1335 ad
1349 1254 1943 1357 pulchritudinem
1978 1269 2056 1302 3·
2037 1281 2057 1327 ε
2143 1277 2223 1354 55

290 1394 601 1493 Capillus
636 1390 913 1490 pastus,
948 1388 1176 1462 nudus
1205 1409 1370 1482 pes3
1423 1377 1566 1478 ipsa
1597 1375 1939 1452 horrida³

297 1508 715 1600 Lacrumae3
771 1504 1057 1580 vestitus
1099 1501 1369 1597 turpis3
1415 1517 1543 1587 ut,
1586 1496 1661 1567 ni
1703 1493 1814 1571 vis
1854 1493 2026 1568 boni
2055 1509 2090 1555 ⁴

294 1626 374 1695 In
406 1604 551 1721 ipsa
572 1623 813 1697 ineffet
833 1622 1087 1712 forma,
1118 1622 1290 1693 haec
1320 1617 1619 1691 formam
1658 1636 1680 1682 5
1722 1615 2229 1713 extinguerent.

296 1746 423 1819 Ille
462 1800 487 1839 ,
553 1746 675 1845 qui
733 1746 922 1818 illam
1010 1741 1284 1816 amabat
1354 1738 1703 1813 fidicinam
1765 1747 1796 1786 ⁶
1826 1789 1851 1828 ,
1927 1755 2237 1825 tantumf

692 1870 912 1944 modo
950 1922 975 1959 ‚

300 1997 484 2066 Satis
522 2049 552 2085 ,
638 1991 921 2092 inquit,
964 1990 1137 2084 seim
1205 1987 1351 2090 ιβ.
1340 2012 1358 2029 ·

694 2113 894 2188 scio:
958 2150 962 2155 ·

1429 1981 1663 2058 noster
1714 2008 1917 2061 vero.
1956 1989 2060 2059 D.
2102 1986 2241 2061 iam

2147 2114 2245 2190 60

297 2239 553 2310 Amare
596 2234 856 2331 coepit.
913 2235 1003 2308 G.
1089 2228 1252 2306 scin’
1304 2252 1516 2329 quam
1550 2229 1640 2301 ⁷?
1689 2252 1836 2326 quo
1889 2231 2140 2306 evadat
2173 2237 2239 2324 ⁸,

726 2356 916 2432 vide.

400 2680 425 2721 1
481 2656 684 2720 Mirari
718 2676 892 2742 perge
932 2659 1192 2720 brevilo-

301 2765 604 2849 quentiam
639 2766 947 2824 narratoris
972 2762 1190 2826 ισυιδι-

296 2875 403 2939 Ἴον.
454 2872 743 2955 Quinstil.
800 2871 929 2948 IV,
986 2897 1057 2947 2,
1113 2898 1192 2948 40

307 2983 456 3046 hanc
471 2989 699 3067 partium
732 2987 1031 3046 brevitatem
1049 2976 1185 3047 dicit

308 3095 514 3179 longam
537 3094 731 3179 efficere
745 3096 1024 3176 stammam.

394 3222 423 3258 2
474 3197 567 3259 Cf.
606 3198 817 3258 Heaut.
862 3199 955 3271 11,
990 3221 1062 3271 2,
1120 3220 1196 3275 41

310 3299 439 3388 sqq.
475 3303 532 3363 A
562 3304 926 3363 concitatiori
951 3301 1054 3364 hac
1081 3305 1198 3362 mi-

312 3411 495 3471 rantis
556 3413 823 3472 oratione
905 3410 1204 3495 pulchrius

316 3519 749 3592 demonstratur,
779 3519 929 3603 quafi
950 3519 1200 3602 δςιμαἼι,

315 3625 484 3706 virgo
501 3624 741 3705 pulchra
758 3669 776 3697 ‚
805 3646 975 3706 quam
1000 3625 1037 3681 fi
1061 3642 1199 3681 nat-

316 3727 479 3789 :aflet
507 3755 520 3789 ι
542 3735 783 3791 videmus
799 3733 1051 3810 virginem
1060 3749 1122 3808 p.

403 3851 430 3907 3
470 3829 527 3890 h.
556 3851 608 3890 c.
641 3832 832 3901 omnis
861 3833 1068 3890 nitoris
1096 3852 1203 3890 ex-

318 3955 452 4018 pers
487 3934 547 3992 in
576 3928 908 4015 lugubribus
949 3932 1207 3994 sordibus

318 4039 437 4103 sere
472 4040 707 4102 iaccbat.

400 4176 439 4226 4
472 4150 528 4210 ir.
554 4173 605 4212 e.
628 4152 1203 4262 pcoprius&poteus

317 4255 636 4338 splendor3
669 4256 739 4319 cf.
759 4257 1020 4345 Propert.
1065 4259 1128 4337 1,
1159 4280 1201 4322 a

322 4365 380 4419 δι
407 4355 466 4419 11
482 4401 501 4433 ,
526 4381 597 4435 4,
628 4363 722 4423 28.

1444 2681 1472 2738 ς
1514 2663 1674 2723 Don.
1706 2661 1995 2740 observat,
2027 2683 2246 2726 veteres

1360 2760 1554 2826 dixisse
1611 2768 1808 2851 ignem
1872 2776 1927 2828 8:
1954 2760 1963 2769 ’
1994 2765 2246 2829 calorem

1357 2876 1684 2957 quendam,
1729 2874 1882 2958 quasi
1925 2874 2244 2960 fervorem,

1339 2983 1568 3064 sormam
1595 3007 1613 3044 .·
1654 2996 1708 3046 &
1743 2985 1986 3064 fhrmus,
2016 3016 2084 3063 a,
2120 3015 2245 3068 um,

1358 3068 1525 3150 habet
1581 3092 1889 3150 notionem
1943 3091 2132 3152 calidi.
2171 3093 2245 3155 cf.

1362 3196 1546 3259 Gesn.
1573 3199 1637 3256 in
1678 3196 1821 3259 thes}
2042 3192 2079 3269 ,⁵

1449 3313 1481 3363 6
1535 3301 1748 3364 Obiter
1786 3303 2119 3366 Phaedriam
2145 3308 2249 3370 ad-

1371 3411 1556 3483 ducit,
1600 3410 1700 3493 qui
1743 3409 1978 3471 laudans
2030 3431 2257 3485 tantum.

1294 3569 1310 3583 ,
1364 3514 1583 3581 formae
1621 3515 1868 3596 speciem
1891 3559 1913 3585 ,
1939 3516 2059 3576 eius
2086 3519 2249 3602 ignes

1368 3643 1491 3679 non
1533 3617 1694 3678 senfit
1736 3621 1973 3696 animo,
2017 3620 2250 3691 alterius

1374 3749 1570 3805 amore
1612 3721 1940 3809 occupatus·

1450 3855 1485 3903 7
1533 3846 1901 3902 Axon-coornet:
1937 3837 2206 3910 succurrit
2230 3901 2253 3930 ,

1371 3937 1469 3998 ubi
1495 3938 1664 3997 verba
1685 3939 1848 4000 rebus
1868 3948 2094 4023 minora
2108 3950 2257 4031 sunt,

1372 4042 1570 4122 Quam
1628 4043 1991 4111 vehementer
2056 4077 2259 4118 amore

1367 4175 1568 4236 captus
1610 4154 1783 4218 fuerit
1809 4206 1825 4232 ‚
1863 4163 1991 4222 vide
2031 4185 2099 4222 ex
2138 4168 2208 4227 iis
2231 4197 2254 4242 ῃ

1363 4283 1507 4346 quae
1533 4265 1666 4323 dein
1695 4286 2023 4329 evenerunt.

1458 4370 1490 4424 8
1528 4364 1704 4451 Quasi
1748 4390 1854 4452 per
1891 4361 2191 4450 obstantia*
