2809 5234
216 603 265 675 90
475 577 514 650 P.
564 572 597 646 T
621 574 650 645 E
673 572 706 646 R
731 572 759 644 E
781 571 816 644 N
840 568 874 642 Τ
896 571 911 642 Ι
935 567 951 642 l

216 741 269 810 D.
289 736 425 809 Probe?
451 740 501 808 M.
519 754 554 809 et
570 754 611 808 tu
635 731 817 808 nobiscum
836 757 931 824 una,
948 728 974 803 li
993 754 1084 830 opus
1103 712 1150 807 fit'
1171 747 1201 811 ¹.‘

425 863 475 934 D.
490 859 547 931 hei
563 860 669 930 mihi!

1147 880 1194 958 35

217 980 301 1051 Non
333 996 368 1053 te
399 980 486 1053 haec
510 980 677 1076 pudent?
700 983 753 1053 Μ.
780 997 794 1031 ²
820 978 890 1051 iam
915 1002 1006 1055 vero
1032 980 1199 1075 omitte,

416 1102 551 1174 Demea
566 1155 579 1192 ,

211 1222 326 1295 Tuam
354 1218 459 1294 istanc
480 1220 720 1309 iracundiam,
740 1236 847 1319 atque
872 1220 950 1312 ita,
970 1221 1024 1295 uti
1041 1222 1173 1316 decer,

214 1349 373 1421 Hilarum
395 1372 435 1420 ac
458 1326 667 1418 lubentem
693 1344 747 1418 fac
769 1366 804 1419 te
824 1345 920 1444 gnati
943 1346 979 1418 in
1000 1346 1149 1444 nuptiis.

215 1472 290 1566 Ego
326 1469 392 1542 hos
434 1468 678 1542 conveniam:
708 1466 787 1566 post
822 1468 892 1542 huc
923 1469 1042 1543 redeo.
1078 1474 1132 1545 D.
1171 1495 1199 1547 ο

422 1592 598 1690 luppiter!

219 1713 395 1786 Hanccine
423 1711 554 1785 vitam!
585 1711 728 1786 hoscine
756 1709 897 1788 mores!
926 1714 1014 1788 hanc
1044 1712 1198 1790 demen-

410 1837 493 1907 tiam
510 1852 527 1896 ⁴
542 1833 551 1907 l

1138 1865 1199 1930 40

217 1966 320 2036 Uxor
344 1961 413 2034 fine
430 1962 514 2033 dote
534 1960 679 2034 veniet:
696 1961 793 2037 intus'
811 1961 946 2059 psaltria
961 1958 1032 2033 esl:

213 2088 353 2160 Domus
384 2080 608 2182 sumptuosa:
628 2082 831 2158 adolescens
849 2085 935 2157 luxu
959 2082 1139 2182 perditus:

75 2268 80 2275 -
150 2254 153 2260 ·
215 2217 326 2286 Senex
347 2213 494 2286 delirans
514 2232 537 2285 ³.
558 2209 652 2310 ipsa,
677 2213 703 2285 sa
726 2212 869 2309 cupiat,
888 2209 1016 2286 Salus‘

213 2334 357 2406 Servare
379 2329 519 2429 prorsus
545 2358 619 2406 non
642 2332 759 2431 potest
789 2335 878 2409 hanc
897 2334 1076 2412 familiam.
1137 2440 1141 2449 Ι

212 2569 344 2645 salario,
365 2573 443 2655 quod
459 2576 568 2632 nemini
596 2572 655 2634 ele·
738 2575 1200 2660 slirnerequoqnealiiap.l'laut.

213 2682 293 2762 ganti
328 2681 468 2762 placeat3
501 2682 658 2764 frustraque

213 2785 331 2848 hucalii
350 2790 465 2850 trahunt
487 2789 563 2850 Hor.
580 2790 593 2847 l
611 2811 659 2868 cp.

218 2918 272 2970 ιο,
306 2919 362 2972 43,
386 2898 419 2957 ad
449 2919 535 2982 quem
563 2895 660 2956 locum

213 3000 279 3060 vide
298 3003 458 3062 Baxterum.

257 3128 268 3165 r
287 3107 389 3167 Reddit
403 3107 499 3166 Micio
518 3107 656 3179 Demeae,

215 3213 294 3296 quod
313 3213 359 3273 hic
372 3215 498 3273 convicii
514 3209 594 3273 causa
610 3214 658 3272 di-

213 3337 300 3376 xerat·

256 3449 270 3483 2
297 3427 388 3487 lllieio
409 3431 467 3491 iam
484 3428 574 3489 eludit
598 3428 659 3491 sra-

214 3549 295 3591 trem.
315 3535 450 3616 quorsum
469 3538 547 3596 enim
559 3558 666 3620 perpe·

213 3646 262 3702 iua
285 3641 368 3702 huius
393 3647 511 3731 iurgia?
543 3647 658 3710 Clamet

214 3750 266 3812 ille
283 3774 352 3813 mox
379 3753 445 3832 fibi,
469 3759 586 3817 nemine
606 3779 661 3818 au-

216 3856 324 3916 diente.

257 3983 270 4038 3
285 3961 399 4023 Vocem
414 3962 503 4037 hanc,
513 3984 585 4046 quae
598 3963 656 4022 lae·

214 4064 299 4130 nciam
315 4072 479 4133 convivalem
501 4090 601 4147 notet,
613 4090 661 4131 re·

740 2682 814 2744 Pers.
843 2681 888 2754 V,
916 2705 952 2755 1,
975 2687 1009 2755 8,
1028 2704 1058 2743 ut
1078 2686 1199 2772 legatur

742 2811 828 2849 omnes
847 2788 964 2862 hilaros,
980 2789 1117 2865 lubentes,
1137 2795 1198 2854 du-

736 2899 873 2976 rificantcs
892 2895 1005 2974 finiam.
1029 2894 1066 2956 cf.
1098 2896 1200 2961 Plaut.

744 3001 825 3062 Afin.
851 3003 900 3076 ll,
923 3024 1003 3075 2,2.

781 3132 800 3182 4
824 3107 932 3169 Crebra
953 3107 1059 3190 ellipsis
1080 3127 1200 3174 conve-

742 3215 786 3272 nit
800 3215 832 3273 in
844 3215 1074 3276 stomachantem.

781 3343 794 3397 5
819 3322 927 3385 Senilis
944 3323 1058 3385 stultitia
1077 3326 1199 3406 appel.

741 3430 816 3494 latur
828 3434 963 3497 deliratio
973 3481 985 3514 ,
994 3433 1056 3496 cic.
1071 3434 1108 3495 de
1121 3437 1202 3507 Sera.

748 3560 773 3601 c.
797 3563 843 3603 ιι.

785 3660 802 3710 6
817 3649 899 3708 salas
907 3647 971 3708 Dea
984 3645 1138 3720 Romanis,
1151 3656 1205 3716 uti

745 3770 841 3830 ἵγηιι
870 3754 997 3818 Graecis.
1045 3750 1205 3825 Ascendit

745 3878 839 3920 autem
867 3877 885 3916 a
910 3849 1105 3934 superioribus
1134 3859 1205 3926 iam

743 3959 781 4020 ad
795 3955 934 4018 summurn
944 3953 1072 4013 Demeae
1083 3961 1201 4043 ardor,

743 4068 790 4127 eui
800 4063 1003 4150 restinguendo
1019 4063 1079 4124 iam
1099 4090 1202 4144 nemo
