2809 5234
256 827 308 922 ιι
525 821 1002 899 aruinum

257 1017 293 1061 eo
306 1011 503 1086 pementrar,
516 1010 634 1060 utnon
651 988 759 1059 dubiis
779 986 907 1058 indiciis
927 986 1123 1082 intelligeret,
1132 985 1228 1081 fino-

257 1141 319 1186 rem
338 1114 429 1184 itlius
443 1107 521 1211 affe,
534 1096 724 1204 qnaesecurn
738 1112 776 1178 in
789 1110 941 1182 maternis
952 1112 1085 1180 aedibus
1097 1113 1229 1180 educata

97 1257 102 1265 ·
247 1238 344 1332 foret.
368 1240 569 1336 Summoporr
593 1233 739 1325 eupiehar
762 1234 860 1327 igitur
879 1229 1066 1330 amafiomm
1075 1229 1142 1326 sthi
1165 1234 1230 1300 ali-

253 1383 351 1457 quam
369 1355 441 1424 dari
450 1405 462 1440 ,
482 1379 545 1448 qua
564 1355 769 1447 Pamphilam
779 1353 853 1444 suis
868 1352 1052 1453 rqlitueret,
1069 1356 1231 1445 eodemque

246 1474 362 1574 fado,
380 1473 414 1547 δ’
432 1479 572 1568 puellam
580 1473 712 1566 summo
732 1475 863 1571 afficeret
879 1475 1037 1564 benefitio,
1052 1465 1231 1570 &propin-

253 1594 385 1699 quorum
404 1600 493 1670 illius
511 1598 655 1669 amicitia
668 1597 824 1689 fortunas
836 1599 1044 1700 constabiliret
1053 1602 1145 1693 ficas.
1163 1602 1228 1671 Re·

252 1725 304 1795 dit
329 1724 444 1793 miles:
465 1719 529 1812 sed
540 1771 552 1808 ,
582 1745 652 1790 eum
674 1712 826 1815 eognoffet
846 1721 882 1787 de
903 1746 1005 1789 amore
1030 1721 1228 1810 Phaedriae,

250 1848 390 1938 puellam
396 1841 456 1933 se,
470 1834 577 1937 nifieo
590 1837 728 1929 repulso,
742 1841 887 1908 daturum
902 1861 1003 1933 negat.
1021 1842 1140 1930 Thais,
1153 1845 1233 1935 quid

253 1987 374 2061 agerer,
393 1961 528 2054 nescire:
548 1988 626 2031 narn
640 1957 880 2031 &Phaedriam
895 1965 1025 2032 ornabat
1038 1991 1079 2033 ex
1093 1968 1227 2054 animo,

254 2083 484 2178 &Pamphilae
497 2085 687 2176 recipiendae
698 2083 808 2177 gratia
823 2085 949 2175 quiduis
955 2080 1024 2191 fibi
1034 2083 1229 2175 faciundum
1249 2142 1258 2161 .

250 2204 555 2303 putabat.'tandam,.
564 2231 633 2279 cum
635 2205 784 2297 speraret,
789 2205 829 2297 se
835 2205 941 2306 postea
952 2206 1052 2298 facile
1064 2206 1226 2305 confilium

247 2328 346 2422 ficum
369 2329 398 2397 ei
419 2323 498 2423 ipsi,
520 2327 609 2396 cuius
631 2327 778 2396 animum
799 2322 983 2425 ctfflndtret,
996 2333 1200 2423 probaturam
1210 2358 1228 2416 ,·

258 2448 474 2532 Phaedriam,
488 2465 523 2513 ut
538 2444 632 2512 militi
647 2445 889 2537 gratificaretur,
909 2447 1056 2517 excludit.
1079 2444 1230 2546 Postridie

259 2565 396 2663 arceffito
410 2567 458 2648 ti,
473 2587 563 2659 atque
576 2592 661 2662 aegre
667 2565 802 2657 serenti,
814 2575 940 2639 tandem
949 2570 989 2662 se
998 2593 1133 2664 purgat,
1146 2574 1230 2639 mul·

220 2770 223 2778 ¹
258 2693 358 2784 risque
374 2688 516 2783 precihus
537 2689 578 2757 ab
597 2711 632 2757 eo
653 2690 817 2782 impetrat,
830 2716 885 2781 ur,
898 2719 956 2785 ptr
973 2693 1123 2777 biduum,
1137 2696 1229 2784 prio·

123 2833 128 2845 “
258 2839 306 2893 res
326 2834 434 2906 partes
453 2812 559 2881 habere
582 2811 772 2902 Thrasonem
778 2811 920 2911 fintret:
941 2813 995 2917 ubi
1011 2810 1152 2901 primum
1169 2809 1230 2877 eri·

252 2929 367 3035 puiffit
373 2940 533 3030 puellam,
547 2936 633 3004 nihil
637 2933 705 3033 fibi
716 2962 787 3006 curn
801 2937 857 3001 illo
871 2930 1009 3022 amplius
1018 2925 1101 3017 fort.
1123 2929 1237 2998 Phae··

261 3060 332 3128 dria
342 3109 354 3144 ,
368 3079 403 3127 ut
416 3058 511 3128 huius
531 3057 619 3125 bidui
640 3055 811 3152 molestiam
830 3050 970 3155 aequiore
987 3051 1098 3121 animo
1108 3051 1230 3143 serrat,

259 3213 312 3256 rus
325 3182 385 3283 fibi
405 3185 581 3254 abeundum
604 3175 658 3277 effe
669 3178 797 3278 βαιιιίι.
823 3177 928 3267 itaque
946 3177 1075 3268 abiens,
1095 3183 1231 3250 mandat

258 3308 471 3392 Parmenioni,
493 3328 529 3374 ut
555 3302 747 3371 Eunuchum
769 3294 1047 3396 &Aethiopiffiam
1064 3307 1109 3372 ad
1121 3306 1229 3374 Thai.

260 3429 351 3507 dem,
371 3425 421 3493 cui
436 3449 488 3493 eos
509 3441 645 3506 emerat,
657 3420 783 3488 duceret.
799 3418 1028 3508 Pamphilam,
1043 3447 1164 3494 rumex
1177 3454 1231 3495 ae.

261 3542 353 3612 dibus
364 3530 548 3631 ¹Thrafitnio
568 3539 615 3605 ad
635 3538 787 3615 Thaidem
805 3540 1014 3630 deduteretur,
1032 3542 1230 3636 conspicatus

262 3662 300 3732 in
322 3661 399 3750 ria,
426 3661 599 3764 Phaedriae
620 3659 727 3752 frater
747 3685 827 3746 natu
841 3664 977 3753 minor,
1007 3665 1161 3755 Chaerea,
1184 3670 1231 3739 ita

263 3793 329 3861 tius
348 3810 451 3859 amore
458 3786 599 3886 flagrare
619 3791 734 3884 coepit,
752 3791 841 3861 nihil
853 3814 890 3862 ut
899 3789 993 3888 perrfi
1006 3794 1140 3880 haberet,
1153 3798 1230 3867 dum

160 3948 164 3961 ·
248 3919 302 3982 *ea
319 3913 501 4006 potiretur:
527 3936 622 4003 neque
639 3913 732 4006 prius
755 3915 953 4008 conquieuit,
975 3943 1071 4009 quam
1096 3921 1162 3987 eius
1187 3894 1237 3987 rei

265 4037 361 4128 causa
374 4038 421 4106 ad
429 4035 576 4106 Thaidem
591 4064 650 4130 pro
668 4039 826 4109 Eunucho
848 4038 992 4111 deduilus
1006 4039 1052 4138 ιβ.
1072 4041 1149 4132 quid
1153 4044 1233 4133 plu-

268 4182 303 4224 ra
317 4158 337 4223 i
360 4156 479 4227 Thaide
499 4158 546 4225 ad
559 4182 687 4226 coenam
706 4185 775 4228 cum
797 4160 891 4228 milite
904 4158 1061 4252 profec‘la,
1077 4160 1193 4254 virgini
1209 4184 1230 4226 a

271 4275 399 4346 Chaerea
416 4302 474 4368 ptr
492 4278 562 4349 rim
575 4267 686 4348 uitium
705 4273 841 4374 offertur.
875 4278 997 4348 Turbae
1016 4281 1153 4373 undique
1170 4279 1233 4349 mi·
1276 4356 1278 4360 .

1204 4672 1215 4715 h
