<?xml version="1.0" encoding="UTF-8"?>
<!DOCTYPE html PUBLIC "-//W3C//DTD XHTML 1.0 Transitional//EN"
    "http://www.w3.org/TR/xhtml1/DTD/xhtml1-transitional.dtd">
<html xmlns="http://www.w3.org/1999/xhtml" xml:lang="en" lang="en">
 <head>
  <title>
</title>
<meta http-equiv="Content-Type" content="text/html;charset=utf-8" />
  <meta name='ocr-system' content='tesseract 3.04.00' />
  <meta name='ocr-capabilities' content='ocr_page ocr_carea ocr_par ocr_line ocrx_word'/>
</head>
<body>
  <div class='ocr_page' id='page_1' title='image "./publiiterentiia00teregoog_0527.png"; bbox 0 0 2809 5234; ppageno 0'>
   <div class='ocr_carea' id='block_1_1' title="bbox 120 565 1137 588">
    <p class='ocr_par' dir='ltr' id='par_1_1' title="bbox 120 565 1137 588">
     <span class='ocr_line' id='line_1_1' title="bbox 120 565 1137 588; baseline -0.015 12"><span class='ocrx_word' id='word_1_1' title='bbox 120 584 122 588; x_wconf 81' lang='grc'>’</span> <span class='ocrx_word' id='word_1_2' title='bbox 584 569 588 575; x_wconf 87' lang='grc'><strong>”</strong></span> <span class='ocrx_word' id='word_1_3' title='bbox 1131 565 1137 585; x_wconf 69' lang='grc' dir='ltr'>ἱ</span> 
     </span>
    </p>
   </div>
   <div class='ocr_carea' id='block_1_2' title="bbox 1040 578 1058 617">
    <p class='ocr_par' dir='ltr' id='par_1_2' title="bbox 1040 578 1058 617">
     <span class='ocr_line' id='line_1_2' title="bbox 1040 578 1058 617; baseline 0 0"><span class='ocrx_word' id='word_1_4' title='bbox 1040 578 1058 617; x_wconf 78' lang='lat'><em>0</em></span> 
     </span>
    </p>
   </div>
   <div class='ocr_carea' id='block_1_3' title="bbox 456 855 1135 975">
    <p class='ocr_par' dir='ltr' id='par_1_3' title="bbox 456 855 1135 975">
     <span class='ocr_line' id='line_1_3' title="bbox 456 855 1135 975; baseline -0.015 -16"><span class='ocrx_word' id='word_1_5' title='bbox 456 881 837 959; x_wconf 77' lang='lat' dir='ltr'><strong>euonulo</strong></span> <span class='ocrx_word' id='word_1_6' title='bbox 995 855 1135 975; x_wconf 46' lang='grc' dir='ltr'><strong>ἰη</strong></span> 
     </span>
    </p>
   </div>
   <div class='ocr_carea' id='block_1_4' title="bbox 169 1035 1274 1270">
    <p class='ocr_par' dir='ltr' id='par_1_4' title="bbox 169 1035 1274 1270">
     <span class='ocr_line' id='line_1_4' title="bbox 169 1035 1274 1148; baseline -0.022 -16"><span class='ocrx_word' id='word_1_7' title='bbox 169 1056 271 1132; x_wconf 85' lang='lat' dir='ltr'>Cedo</span> <span class='ocrx_word' id='word_1_8' title='bbox 292 1054 398 1142; x_wconf 85' lang='lat' dir='ltr'><strong>dum,</strong></span> <span class='ocrx_word' id='word_1_9' title='bbox 422 1075 467 1124; x_wconf 88' lang='lat' dir='ltr'><strong>en</strong></span> <span class='ocrx_word' id='word_1_10' title='bbox 488 1071 642 1148; x_wconf 88' lang='lat' dir='ltr'><strong>unquam</strong></span> <span class='ocrx_word' id='word_1_11' title='bbox 663 1063 672 1094; x_wconf 85' lang='lat'>¹</span> <span class='ocrx_word' id='word_1_12' title='bbox 695 1041 899 1117; x_wconf 88' lang='lat' dir='ltr'><strong>iniuriarum</strong></span> <span class='ocrx_word' id='word_1_13' title='bbox 915 1036 1038 1114; x_wconf 88' lang='lat' dir='ltr'><strong>audisti</strong></span> <span class='ocrx_word' id='word_1_14' title='bbox 1049 1038 1137 1113; x_wconf 86' lang='lat' dir='ltr'><strong>mihi</strong></span> <span class='ocrx_word' id='word_1_15' title='bbox 1269 1035 1274 1048; x_wconf 85' lang='lat'>&#39;</span> 
     </span>
     <span class='ocr_line' id='line_1_5' title="bbox 357 1166 681 1270; baseline -0.031 -24"><span class='ocrx_word' id='word_1_16' title='bbox 357 1171 517 1270; x_wconf 81' lang='lat' dir='ltr'>scriptam</span> <span class='ocrx_word' id='word_1_17' title='bbox 539 1166 681 1241; x_wconf 82' lang='lat' dir='ltr'><strong>dicam?</strong></span> 
     </span>
    </p>
   </div>
   <div class='ocr_carea' id='block_1_5' title="bbox 1091 1177 1131 1255">
    <p class='ocr_par' dir='ltr' id='par_1_5' title="bbox 1091 1177 1131 1255">
     <span class='ocr_line' id='line_1_6' title="bbox 1091 1177 1131 1255; baseline 0 0"><span class='ocrx_word' id='word_1_18' title='bbox 1091 1177 1131 1255; x_wconf 83' lang='lat'><strong>¹5</strong></span> 
     </span>
    </p>
   </div>
   <div class='ocr_carea' id='block_1_6' title="bbox 169 1281 1236 1641">
    <p class='ocr_par' dir='ltr' id='par_1_6' title="bbox 169 1281 1236 1641">
     <span class='ocr_line' id='line_1_7' title="bbox 175 1281 1137 1393; baseline -0.022 -19"><span class='ocrx_word' id='word_1_19' title='bbox 175 1302 219 1374; x_wconf 83' lang='lat' dir='ltr'><strong>G.</strong></span> <span class='ocrx_word' id='word_1_20' title='bbox 239 1297 313 1393; x_wconf 85' lang='lat' dir='ltr'><strong>Qui</strong></span> <span class='ocrx_word' id='word_1_21' title='bbox 329 1295 415 1370; x_wconf 86' lang='lat' dir='ltr'><strong>istuc</strong></span> <span class='ocrx_word' id='word_1_22' title='bbox 433 1294 475 1362; x_wconf 81' lang='lat'><strong>²?</strong></span> <span class='ocrx_word' id='word_1_23' title='bbox 495 1295 540 1366; x_wconf 90' lang='lat' dir='ltr'><strong>P.</strong></span> <span class='ocrx_word' id='word_1_24' title='bbox 561 1311 570 1355; x_wconf 64' lang='grc' dir='ltr'><strong><em>ι</em></strong></span> <span class='ocrx_word' id='word_1_25' title='bbox 595 1291 678 1389; x_wconf 87' lang='lat' dir='ltr'><strong>quia</strong></span> <span class='ocrx_word' id='word_1_26' title='bbox 704 1310 778 1369; x_wconf 85' lang='lat' dir='ltr'><strong>non</strong></span> <span class='ocrx_word' id='word_1_27' title='bbox 792 1302 866 1358; x_wconf 87' lang='lat' dir='ltr'><strong>rete</strong></span> <span class='ocrx_word' id='word_1_28' title='bbox 887 1281 1044 1380; x_wconf 83' lang='lat' dir='ltr'>accipitri</span> <span class='ocrx_word' id='word_1_29' title='bbox 1060 1301 1137 1355; x_wconf 86' lang='lat' dir='ltr'><strong>terr·</strong></span> 
     </span>
     <span class='ocr_line' id='line_1_8' title="bbox 363 1415 807 1514; baseline -0.027 -18"><span class='ocrx_word' id='word_1_30' title='bbox 363 1421 484 1509; x_wconf 86' lang='lat' dir='ltr'><strong>ditur,</strong></span> <span class='ocrx_word' id='word_1_31' title='bbox 504 1439 619 1514; x_wconf 88' lang='lat' dir='ltr'><strong>neque</strong></span> <span class='ocrx_word' id='word_1_32' title='bbox 636 1415 748 1487; x_wconf 87' lang='lat' dir='ltr'><strong>miluo</strong></span> <span class='ocrx_word' id='word_1_33' title='bbox 764 1432 807 1505; x_wconf 83' lang='lat'><strong>⁴,</strong></span> 
     </span>
     <span class='ocr_line' id='line_1_9' title="bbox 169 1527 1236 1641; baseline -0.016 -21"><span class='ocrx_word' id='word_1_34' title='bbox 169 1546 244 1641; x_wconf 84' lang='lat' dir='ltr'><strong>Qui</strong></span> <span class='ocrx_word' id='word_1_35' title='bbox 263 1546 353 1621; x_wconf 88' lang='lat' dir='ltr'><strong>male</strong></span> <span class='ocrx_word' id='word_1_36' title='bbox 373 1544 508 1619; x_wconf 84' lang='lat' dir='ltr'><strong>faciunt</strong></span> <span class='ocrx_word' id='word_1_37' title='bbox 533 1539 635 1616; x_wconf 89' lang='lat' dir='ltr'><strong>nobis</strong></span> <span class='ocrx_word' id='word_1_38' title='bbox 653 1565 663 1612; x_wconf 73' lang='grc' dir='ltr'><em>τ</em></span> <span class='ocrx_word' id='word_1_39' title='bbox 684 1538 779 1630; x_wconf 75' lang='lat' dir='ltr'><strong>illis,</strong></span> <span class='ocrx_word' id='word_1_40' title='bbox 808 1535 870 1635; x_wconf 89' lang='lat' dir='ltr'><strong>qui</strong></span> <span class='ocrx_word' id='word_1_41' title='bbox 897 1533 948 1607; x_wconf 90' lang='lat' dir='ltr'><strong>nil</strong></span> <span class='ocrx_word' id='word_1_42' title='bbox 973 1532 1136 1625; x_wconf 87' lang='lat' dir='ltr'><strong>faciunt,</strong></span> <span class='ocrx_word' id='word_1_43' title='bbox 1234 1527 1236 1536; x_wconf 76' lang='grc'>’</span> 
     </span>
    </p>
   </div>
   <div class='ocr_carea' id='block_1_7' title="bbox 362 1665 547 1740">
    <p class='ocr_par' dir='ltr' id='par_1_7' title="bbox 362 1665 547 1740">
     <span class='ocr_line' id='line_1_10' title="bbox 362 1665 547 1740; baseline -0.043 0"><span class='ocrx_word' id='word_1_44' title='bbox 362 1665 520 1740; x_wconf 84' lang='lat' dir='ltr'>tenditur</span> <span class='ocrx_word' id='word_1_45' title='bbox 537 1686 547 1732; x_wconf 73' lang='grc' dir='ltr'><strong>ε</strong></span> 
     </span>
    </p>
   </div>
   <div class='ocr_carea' id='block_1_8' title="bbox 166 1781 1137 1890">
    <p class='ocr_par' dir='ltr' id='par_1_8' title="bbox 166 1781 1137 1890">
     <span class='ocr_line' id='line_1_11' title="bbox 166 1781 1137 1890; baseline -0.015 -21"><span class='ocrx_word' id='word_1_46' title='bbox 166 1794 263 1890; x_wconf 83' lang='lat' dir='ltr'><strong>Quia</strong></span> <span class='ocrx_word' id='word_1_47' title='bbox 291 1791 384 1867; x_wconf 86' lang='lat' dir='ltr'><strong>enim</strong></span> <span class='ocrx_word' id='word_1_48' title='bbox 406 1791 443 1863; x_wconf 89' lang='lat' dir='ltr'><strong>in</strong></span> <span class='ocrx_word' id='word_1_49' title='bbox 469 1790 536 1861; x_wconf 78' lang='lat' dir='ltr'><strong>illie</strong></span> <span class='ocrx_word' id='word_1_50' title='bbox 556 1809 567 1850; x_wconf 74' lang='lat' dir='ltr'><strong>t</strong></span> <span class='ocrx_word' id='word_1_51' title='bbox 587 1785 718 1861; x_wconf 68' lang='lat' dir='ltr'><strong>frustus</strong></span> <span class='ocrx_word' id='word_1_52' title='bbox 739 1783 817 1876; x_wconf 83' lang='lat' dir='ltr'><strong>est,</strong></span> <span class='ocrx_word' id='word_1_53' title='bbox 843 1784 879 1858; x_wconf 89' lang='lat' dir='ltr'><strong>in</strong></span> <span class='ocrx_word' id='word_1_54' title='bbox 905 1781 974 1858; x_wconf 89' lang='lat' dir='ltr'><strong>illis</strong></span> <span class='ocrx_word' id='word_1_55' title='bbox 993 1787 1007 1828; x_wconf 77' lang='lat'><strong><em>⁴</em></strong></span> <span class='ocrx_word' id='word_1_56' title='bbox 1029 1806 1137 1879; x_wconf 88' lang='lat' dir='ltr'><strong>opera</strong></span> 
     </span>
    </p>
   </div>
   <div class='ocr_carea' id='block_1_9' title="bbox 293 1910 507 1983">
    <p class='ocr_par' dir='ltr' id='par_1_9' title="bbox 293 1910 507 1983">
     <span class='ocr_line' id='line_1_12' title="bbox 293 1910 507 1983; baseline 0 0"><span class='ocrx_word' id='word_1_57' title='bbox 293 1949 295 1951; x_wconf 53' lang='lat'>&gt;</span> <span class='ocrx_word' id='word_1_58' title='bbox 362 1910 507 1983; x_wconf 81' lang='lat' dir='ltr'><strong>luditur.</strong></span> 
     </span>
    </p>
   </div>
   <div class='ocr_carea' id='block_1_10' title="bbox 167 2027 1136 2130">
    <p class='ocr_par' dir='ltr' id='par_1_10' title="bbox 167 2027 1136 2130">
     <span class='ocr_line' id='line_1_13' title="bbox 167 2027 1136 2130; baseline -0.005 -24"><span class='ocrx_word' id='word_1_59' title='bbox 167 2030 253 2106; x_wconf 77' lang='lat' dir='ltr'><strong>Aliis</strong></span> <span class='ocrx_word' id='word_1_60' title='bbox 277 2032 416 2106; x_wconf 80' lang='lat' dir='ltr'>aliunde</span> <span class='ocrx_word' id='word_1_61' title='bbox 438 2028 488 2103; x_wconf 86' lang='lat' dir='ltr'><strong>est</strong></span> <span class='ocrx_word' id='word_1_62' title='bbox 510 2029 710 2128; x_wconf 87' lang='lat' dir='ltr'><strong>periclum,</strong></span> <span class='ocrx_word' id='word_1_63' title='bbox 739 2030 833 2105; x_wconf 89' lang='lat' dir='ltr'><strong>unde</strong></span> <span class='ocrx_word' id='word_1_64' title='bbox 860 2029 993 2130; x_wconf 84' lang='lat' dir='ltr'><strong>aliquid</strong></span> <span class='ocrx_word' id='word_1_65' title='bbox 1018 2027 1136 2103; x_wconf 88' lang='lat' dir='ltr'><strong>abradi</strong></span> 
     </span>
    </p>
   </div>
   <div class='ocr_carea' id='block_1_11' title="bbox 180 2149 502 2251">
    <p class='ocr_par' dir='ltr' id='par_1_11' title="bbox 180 2149 502 2251">
     <span class='ocr_line' id='line_1_14' title="bbox 180 2149 502 2251; baseline -0.012 -21"><span class='ocrx_word' id='word_1_66' title='bbox 180 2208 183 2216; x_wconf 85' lang='lat'>-</span> <span class='ocrx_word' id='word_1_67' title='bbox 235 2171 237 2175; x_wconf 84' lang='grc'><strong><em>·</em></strong></span> <span class='ocrx_word' id='word_1_68' title='bbox 363 2149 502 2251; x_wconf 83' lang='lat' dir='ltr'><strong>potest:</strong></span> 
     </span>
    </p>
   </div>
   <div class='ocr_carea' id='block_1_12' title="bbox 165 2414 610 2829">
    <p class='ocr_par' dir='ltr' id='par_1_12' title="bbox 165 2414 610 2829">
     <span class='ocr_line' id='line_1_15' title="bbox 165 2414 608 2520; baseline -0.016 -19"><span class='ocrx_word' id='word_1_69' title='bbox 165 2452 262 2510; x_wconf 70' lang='grc' dir='ltr'><strong>λογων</strong></span> <span class='ocrx_word' id='word_1_70' title='bbox 280 2432 408 2520; x_wconf 79' lang='lat' dir='ltr'><strong>aliquam</strong></span> <span class='ocrx_word' id='word_1_71' title='bbox 435 2435 468 2493; x_wconf 88' lang='lat' dir='ltr'><strong>in</strong></span> <span class='ocrx_word' id='word_1_72' title='bbox 488 2432 530 2519; x_wconf 89' lang='lat' dir='ltr'><strong>sq.</strong></span> <span class='ocrx_word' id='word_1_73' title='bbox 551 2414 608 2494; x_wconf 76' lang='lat' dir='ltr'><strong>sta-</strong></span> 
     </span>
     <span class='ocr_line' id='line_1_16' title="bbox 167 2535 610 2629; baseline -0.011 -28"><span class='ocrx_word' id='word_1_74' title='bbox 167 2560 267 2601; x_wconf 87' lang='lat' dir='ltr'><strong>tuunt:</strong></span> <span class='ocrx_word' id='word_1_75' title='bbox 290 2545 349 2629; x_wconf 64' lang='lat' dir='ltr'><strong>epto</strong></span> <span class='ocrx_word' id='word_1_76' title='bbox 363 2536 476 2621; x_wconf 84' lang='lat' dir='ltr'><strong>saepius</strong></span> <span class='ocrx_word' id='word_1_77' title='bbox 489 2539 521 2597; x_wconf 89' lang='lat' dir='ltr'><strong>id</strong></span> <span class='ocrx_word' id='word_1_78' title='bbox 531 2535 587 2597; x_wconf 88' lang='lat' dir='ltr'><strong>feci</strong></span> <span class='ocrx_word' id='word_1_79' title='bbox 599 2581 610 2611; x_wconf 92' lang='lat'>,</span> 
     </span>
     <span class='ocr_line' id='line_1_17' title="bbox 166 2639 608 2728; baseline -0.029 -17"><span class='ocrx_word' id='word_1_80' title='bbox 166 2665 247 2712; x_wconf 72' lang='lat' dir='ltr'><strong>tanto</strong></span> <span class='ocrx_word' id='word_1_81' title='bbox 271 2645 370 2728; x_wconf 83' lang='lat' dir='ltr'><strong>magis·</strong></span> <span class='ocrx_word' id='word_1_82' title='bbox 382 2643 464 2704; x_wconf 82' lang='lat' dir='ltr'><strong>novi.</strong></span> <span class='ocrx_word' id='word_1_83' title='bbox 487 2639 608 2702; x_wconf 77' lang='lat' dir='ltr'><strong>Falfiffi-</strong></span> 
     </span>
     <span class='ocr_line' id='line_1_18' title="bbox 165 2743 608 2829; baseline -0.002 -23"><span class='ocrx_word' id='word_1_84' title='bbox 165 2747 246 2813; x_wconf 81' lang='lat' dir='ltr'><strong>nium</strong></span> <span class='ocrx_word' id='word_1_85' title='bbox 252 2747 284 2810; x_wconf 87' lang='lat' dir='ltr'><strong>id</strong></span> <span class='ocrx_word' id='word_1_86' title='bbox 294 2766 446 2829; x_wconf 77' lang='lat' dir='ltr'><strong>putamus3</strong></span> <span class='ocrx_word' id='word_1_87' title='bbox 458 2753 486 2807; x_wconf 76' lang='grc' dir='ltr'><strong>δι</strong></span> <span class='ocrx_word' id='word_1_88' title='bbox 499 2743 608 2806; x_wconf 79' lang='lat' dir='ltr'><strong>sublato</strong></span> 
     </span>
    </p>
   </div>
   <div class='ocr_carea' id='block_1_13' title="bbox 165 2850 614 2938">
    <p class='ocr_par' dir='ltr' id='par_1_13' title="bbox 165 2850 614 2938">
     <span class='ocr_line' id='line_1_19' title="bbox 165 2850 614 2938; baseline -0.007 -24"><span class='ocrx_word' id='word_1_89' title='bbox 165 2850 246 2936; x_wconf 78' lang='lat' dir='ltr'><strong>figno</strong></span> <span class='ocrx_word' id='word_1_90' title='bbox 256 2851 378 2938; x_wconf 85' lang='lat' dir='ltr'><strong>rogandi</strong></span> <span class='ocrx_word' id='word_1_91' title='bbox 389 2852 455 2934; x_wconf 82' lang='lat' dir='ltr'><strong>post</strong></span> <span class='ocrx_word' id='word_1_92' title='bbox 463 2851 557 2927; x_wconf 78' lang='lat' dir='ltr'><strong>eius,</strong></span> <span class='ocrx_word' id='word_1_93' title='bbox 570 2871 614 2911; x_wconf 89' lang='lat' dir='ltr'><strong>ce-</strong></span> 
     </span>
    </p>
   </div>
   <div class='ocr_carea' id='block_1_14' title="bbox 106 2954 610 4375">
    <p class='ocr_par' dir='ltr' id='par_1_14' title="bbox 106 2954 610 3671">
     <span class='ocr_line' id='line_1_20' title="bbox 165 2954 609 3038; baseline 0 -24"><span class='ocrx_word' id='word_1_94' title='bbox 165 2969 225 3014; x_wconf 84' lang='lat' dir='ltr'><strong>tera</strong></span> <span class='ocrx_word' id='word_1_95' title='bbox 251 2955 292 3015; x_wconf 88' lang='lat' dir='ltr'><strong>ita</strong></span> <span class='ocrx_word' id='word_1_96' title='bbox 318 2954 547 3038; x_wconf 82' lang='lat' dir='ltr'><strong>coniungimus,</strong></span> <span class='ocrx_word' id='word_1_97' title='bbox 578 2973 609 3014; x_wconf 91' lang='lat' dir='ltr'><strong>ut</strong></span> 
     </span>
     <span class='ocr_line' id='line_1_21' title="bbox 162 3057 607 3141; baseline -0.018 -17"><span class='ocrx_word' id='word_1_98' title='bbox 162 3077 297 3141; x_wconf 68' lang='lat' dir='ltr'><strong>augeatur</strong></span> <span class='ocrx_word' id='word_1_99' title='bbox 315 3057 476 3141; x_wconf 80' lang='lat' dir='ltr'><strong>gloriatio,</strong></span> <span class='ocrx_word' id='word_1_100' title='bbox 496 3076 551 3118; x_wconf 78' lang='lat' dir='ltr'><strong>trem</strong></span> <span class='ocrx_word' id='word_1_101' title='bbox 567 3057 607 3117; x_wconf 81' lang='lat' dir='ltr'><strong>ei-</strong></span> 
     </span>
     <span class='ocr_line' id='line_1_22' title="bbox 163 3161 610 3248; baseline -0.011 -23"><span class='ocrx_word' id='word_1_102' title='bbox 163 3185 227 3234; x_wconf 68' lang='lat' dir='ltr'><strong>nes,</strong></span> <span class='ocrx_word' id='word_1_103' title='bbox 235 3185 285 3244; x_wconf 84' lang='lat' dir='ltr'><strong>quo</strong></span> <span class='ocrx_word' id='word_1_104' title='bbox 292 3165 432 3248; x_wconf 79' lang='lat' dir='ltr'><strong>mogiseos</strong></span> <span class='ocrx_word' id='word_1_105' title='bbox 441 3164 519 3233; x_wconf 76' lang='lat' dir='ltr'><strong>novi,</strong></span> <span class='ocrx_word' id='word_1_106' title='bbox 531 3161 610 3246; x_wconf 89' lang='lat' dir='ltr'><strong>(quo</strong></span> 
     </span>
     <span class='ocr_line' id='line_1_23' title="bbox 162 3264 609 3345; baseline -0.007 -16"><span class='ocrx_word' id='word_1_107' title='bbox 162 3267 295 3329; x_wconf 80' lang='lat' dir='ltr'><strong>notiores</strong></span> <span class='ocrx_word' id='word_1_108' title='bbox 315 3265 387 3327; x_wconf 86' lang='lat' dir='ltr'><strong>inihi</strong></span> <span class='ocrx_word' id='word_1_109' title='bbox 414 3264 512 3345; x_wconf 82' lang='lat' dir='ltr'><strong>fuere)</strong></span> <span class='ocrx_word' id='word_1_110' title='bbox 536 3282 609 3326; x_wconf 78' lang='lat' dir='ltr'><strong>tanto</strong></span> 
     </span>
     <span class='ocr_line' id='line_1_24' title="bbox 154 3369 606 3456; baseline 0.002 -23"><span class='ocrx_word' id='word_1_111' title='bbox 154 3373 263 3456; x_wconf 73' lang='lat' dir='ltr'><strong>fitepius</strong></span> <span class='ocrx_word' id='word_1_112' title='bbox 276 3373 329 3432; x_wconf 90' lang='lat' dir='ltr'><strong>int.</strong></span> <span class='ocrx_word' id='word_1_113' title='bbox 343 3369 528 3454; x_wconf 63' lang='lat' dir='ltr'><strong>deverberasse,</strong></span> <span class='ocrx_word' id='word_1_114' title='bbox 538 3369 568 3431; x_wconf 84' lang='lat' dir='ltr'><strong>h.</strong></span> <span class='ocrx_word' id='word_1_115' title='bbox 580 3391 606 3434; x_wconf 84' lang='lat' dir='ltr'><strong>e.</strong></span> 
     </span>
     <span class='ocr_line' id='line_1_25' title="bbox 160 3472 387 3547; baseline -0.035 1"><span class='ocrx_word' id='word_1_116' title='bbox 160 3478 236 3547; x_wconf 72' lang='lat' dir='ltr'><strong>mle</strong></span> <span class='ocrx_word' id='word_1_117' title='bbox 249 3472 387 3543; x_wconf 68' lang='lat' dir='ltr'><strong>ttastass&#39;e.</strong></span> 
     </span>
     <span class='ocr_line' id='line_1_26' title="bbox 106 3584 604 3671; baseline -0.016 -23"><span class='ocrx_word' id='word_1_118' title='bbox 106 3664 108 3669; x_wconf 23' lang='grc' dir='ltr'>Ι</span> <span class='ocrx_word' id='word_1_119' title='bbox 206 3584 269 3646; x_wconf 84' lang='lat' dir='ltr'><strong>rh.</strong></span> <span class='ocrx_word' id='word_1_120' title='bbox 283 3607 309 3646; x_wconf 91' lang='lat' dir='ltr'><strong>e.</strong></span> <span class='ocrx_word' id='word_1_121' title='bbox 333 3603 497 3671; x_wconf 78' lang='lat' dir='ltr'><strong>unquamne</strong></span> <span class='ocrx_word' id='word_1_122' title='bbox 516 3593 604 3642; x_wconf 70' lang='lat' dir='ltr'><strong>veroa</strong></span> 
     </span>
    </p>

    <p class='ocr_par' dir='ltr' id='par_1_15' title="bbox 160 3685 606 4079">
     <span class='ocr_line' id='line_1_27' title="bbox 202 3685 605 3773; baseline -0.012 -24"><span class='ocrx_word' id='word_1_123' title='bbox 202 3711 218 3749; x_wconf 82' lang='lat'>2</span> <span class='ocrx_word' id='word_1_124' title='bbox 233 3689 327 3773; x_wconf 83' lang='lat' dir='ltr'><strong>Rogat</strong></span> <span class='ocrx_word' id='word_1_125' title='bbox 340 3688 440 3762; x_wconf 87' lang='lat' dir='ltr'><strong>Geta,</strong></span> <span class='ocrx_word' id='word_1_126' title='bbox 455 3705 485 3747; x_wconf 90' lang='lat' dir='ltr'><strong>ut</strong></span> <span class='ocrx_word' id='word_1_127' title='bbox 505 3685 605 3745; x_wconf 86' lang='lat' dir='ltr'><strong>homi-</strong></span> 
     </span>
     <span class='ocr_line' id='line_1_28' title="bbox 160 3792 602 3880; baseline -0.018 -25"><span class='ocrx_word' id='word_1_128' title='bbox 160 3794 226 3867; x_wconf 85' lang='lat' dir='ltr'><strong>nis,</strong></span> <span class='ocrx_word' id='word_1_129' title='bbox 239 3814 298 3876; x_wconf 89' lang='lat' dir='ltr'><strong>quo</strong></span> <span class='ocrx_word' id='word_1_130' title='bbox 310 3813 385 3880; x_wconf 83' lang='lat' dir='ltr'><strong>opos</strong></span> <span class='ocrx_word' id='word_1_131' title='bbox 397 3792 499 3862; x_wconf 83' lang='lat' dir='ltr'><strong>habet,</strong></span> <span class='ocrx_word' id='word_1_132' title='bbox 514 3809 602 3869; x_wconf 80' lang='lat' dir='ltr'><strong>pare-</strong></span> 
     </span>
     <span class='ocr_line' id='line_1_29' title="bbox 161 3890 606 3974; baseline -0.009 -18"><span class='ocrx_word' id='word_1_133' title='bbox 161 3893 240 3957; x_wconf 83' lang='lat' dir='ltr'><strong>srtica</strong></span> <span class='ocrx_word' id='word_1_134' title='bbox 270 3894 364 3953; x_wconf 86' lang='lat' dir='ltr'><strong>oratio</strong></span> <span class='ocrx_word' id='word_1_135' title='bbox 394 3890 606 3974; x_wconf 80' lang='lat' dir='ltr'><strong>progrediatur.</strong></span> 
     </span>
     <span class='ocr_line' id='line_1_30' title="bbox 160 3993 550 4079; baseline -0.031 -14"><span class='ocrx_word' id='word_1_136' title='bbox 160 3996 211 4064; x_wconf 75' lang='lat' dir='ltr'><strong>Sic</strong></span> <span class='ocrx_word' id='word_1_137' title='bbox 225 4006 252 4063; x_wconf 74' lang='grc' dir='ltr'><strong>δι</strong></span> <span class='ocrx_word' id='word_1_138' title='bbox 264 3996 380 4058; x_wconf 85' lang='lat' dir='ltr'><strong>audacia</strong></span> <span class='ocrx_word' id='word_1_139' title='bbox 392 3993 550 4079; x_wconf 85' lang='lat' dir='ltr'><strong>augebitur.</strong></span> 
     </span>
    </p>

    <p class='ocr_par' dir='ltr' id='par_1_16' title="bbox 159 4097 605 4375">
     <span class='ocr_line' id='line_1_31' title="bbox 197 4097 601 4185; baseline -0.012 -21"><span class='ocrx_word' id='word_1_140' title='bbox 197 4123 216 4182; x_wconf 80' lang='lat'><strong>‚3</strong></span> <span class='ocrx_word' id='word_1_141' title='bbox 235 4101 290 4163; x_wconf 86' lang='lat' dir='ltr'><strong>Per</strong></span> <span class='ocrx_word' id='word_1_142' title='bbox 305 4097 474 4185; x_wconf 82' lang='lat' dir='ltr'><strong>allegorias,</strong></span> <span class='ocrx_word' id='word_1_143' title='bbox 487 4119 502 4160; x_wconf 93' lang='lat' dir='ltr'><strong>e</strong></span> <span class='ocrx_word' id='word_1_144' title='bbox 514 4098 601 4161; x_wconf 86' lang='lat' dir='ltr'><strong>trivio</strong></span> 
     </span>
     <span class='ocr_line' id='line_1_32' title="bbox 159 4205 605 4296; baseline -0.007 -25"><span class='ocrx_word' id='word_1_145' title='bbox 159 4206 329 4277; x_wconf 82' lang='lat' dir='ltr'><strong>&amp;abestis</strong></span> <span class='ocrx_word' id='word_1_146' title='bbox 352 4209 456 4296; x_wconf 82' lang='lat' dir='ltr'><strong>petitas</strong></span> <span class='ocrx_word' id='word_1_147' title='bbox 481 4205 605 4292; x_wconf 87' lang='lat' dir='ltr'><strong>respon·</strong></span> 
     </span>
     <span class='ocr_line' id='line_1_33' title="bbox 161 4311 218 4375; baseline -0.07 0"><span class='ocrx_word' id='word_1_148' title='bbox 161 4311 218 4375; x_wconf 77' lang='lat' dir='ltr'><strong>det.</strong></span> 
     </span>
    </p>
   </div>
   <div class='ocr_carea' id='block_1_15' title="bbox 199 4406 603 4504">
    <p class='ocr_par' dir='ltr' id='par_1_17' title="bbox 199 4406 603 4504">
     <span class='ocr_line' id='line_1_34' title="bbox 199 4406 603 4504; baseline 0.007 -25"><span class='ocrx_word' id='word_1_149' title='bbox 199 4435 221 4495; x_wconf 63' lang='lat'>4</span> <span class='ocrx_word' id='word_1_150' title='bbox 250 4406 445 4504; x_wconf 73' lang='lat' dir='ltr'><strong>Trisyilabunt</strong></span> <span class='ocrx_word' id='word_1_151' title='bbox 469 4416 520 4481; x_wconf 81' lang='lat' dir='ltr'><strong>est.</strong></span> <span class='ocrx_word' id='word_1_152' title='bbox 549 4415 603 4482; x_wconf 70' lang='lat' dir='ltr'><strong>Al.</strong></span> 
     </span>
    </p>
   </div>
   <div class='ocr_carea' id='block_1_16' title="bbox 691 2430 1136 2725">
    <p class='ocr_par' dir='ltr' id='par_1_18' title="bbox 691 2430 1136 2725">
     <span class='ocr_line' id='line_1_35' title="bbox 691 2430 1134 2506; baseline 0.009 -15"><span class='ocrx_word' id='word_1_153' title='bbox 691 2430 782 2493; x_wconf 68' lang='lat' dir='ltr'><strong>milvio</strong></span> <span class='ocrx_word' id='word_1_154' title='bbox 791 2454 804 2506; x_wconf 78' lang='lat'><strong>,¹</strong></span> <span class='ocrx_word' id='word_1_155' title='bbox 832 2450 932 2492; x_wconf 83' lang='lat' dir='ltr'><strong>contra</strong></span> <span class='ocrx_word' id='word_1_156' title='bbox 952 2450 1020 2493; x_wconf 87' lang='lat' dir='ltr'><strong>vett.</strong></span> <span class='ocrx_word' id='word_1_157' title='bbox 1038 2431 1134 2495; x_wconf 82' lang='lat' dir='ltr'><strong>codd.</strong></span> 
     </span>
     <span class='ocr_line' id='line_1_36' title="bbox 693 2534 1136 2620; baseline 0 -22"><span class='ocrx_word' id='word_1_158' title='bbox 693 2534 817 2598; x_wconf 88' lang='lat' dir='ltr'><strong>Comice</strong></span> <span class='ocrx_word' id='word_1_159' title='bbox 837 2556 931 2597; x_wconf 86' lang='lat' dir='ltr'><strong>autem</strong></span> <span class='ocrx_word' id='word_1_160' title='bbox 951 2535 1085 2620; x_wconf 72' lang='lat' dir='ltr'><strong>parasitus</strong></span> <span class='ocrx_word' id='word_1_161' title='bbox 1107 2535 1136 2598; x_wconf 88' lang='lat' dir='ltr'><strong>se</strong></span> 
     </span>
     <span class='ocr_line' id='line_1_37' title="bbox 692 2640 1136 2725; baseline 0.002 -23"><span class='ocrx_word' id='word_1_162' title='bbox 692 2660 840 2724; x_wconf 85' lang='lat' dir='ltr'><strong>comparat</strong></span> <span class='ocrx_word' id='word_1_163' title='bbox 853 2642 889 2703; x_wconf 83' lang='lat' dir='ltr'><strong>ad</strong></span> <span class='ocrx_word' id='word_1_164' title='bbox 906 2640 1037 2703; x_wconf 83' lang='lat' dir='ltr'><strong>volucres</strong></span> <span class='ocrx_word' id='word_1_165' title='bbox 1050 2663 1136 2725; x_wconf 84' lang='lat' dir='ltr'><strong>rapa-</strong></span> 
     </span>
    </p>
   </div>
   <div class='ocr_carea' id='block_1_17' title="bbox 685 2743 1219 4397">
    <p class='ocr_par' dir='ltr' id='par_1_19' title="bbox 692 2743 1023 2809">
     <span class='ocr_line' id='line_1_38' title="bbox 692 2743 1023 2809; baseline 0.003 -3"><span class='ocrx_word' id='word_1_166' title='bbox 692 2743 811 2807; x_wconf 79' lang='lat' dir='ltr'><strong>ciffimas</strong></span> <span class='ocrx_word' id='word_1_167' title='bbox 827 2756 854 2808; x_wconf 73' lang='grc' dir='ltr'>ἀ</span> <span class='ocrx_word' id='word_1_168' title='bbox 868 2745 1023 2809; x_wconf 83' lang='lat' dir='ltr'><strong>famelicas.</strong></span> 
     </span>
    </p>

    <p class='ocr_par' dir='ltr' id='par_1_20' title="bbox 692 2850 1136 3029">
     <span class='ocr_line' id='line_1_39' title="bbox 739 2850 1136 2937; baseline 0.005 -24"><span class='ocrx_word' id='word_1_169' title='bbox 739 2871 753 2927; x_wconf 85' lang='lat'><em>5</em></span> <span class='ocrx_word' id='word_1_170' title='bbox 776 2850 844 2914; x_wconf 83' lang='lat' dir='ltr'><strong>scil.</strong></span> <span class='ocrx_word' id='word_1_171' title='bbox 866 2854 916 2937; x_wconf 92' lang='lat' dir='ltr'><strong>qui</strong></span> <span class='ocrx_word' id='word_1_172' title='bbox 937 2851 981 2914; x_wconf 90' lang='lat' dir='ltr'><strong>nil</strong></span> <span class='ocrx_word' id='word_1_173' title='bbox 1002 2851 1076 2915; x_wconf 88' lang='lat' dir='ltr'><strong>male</strong></span> <span class='ocrx_word' id='word_1_174' title='bbox 1091 2852 1136 2915; x_wconf 76' lang='lat' dir='ltr'><strong>fa·</strong></span> 
     </span>
     <span class='ocr_line' id='line_1_40' title="bbox 692 2953 979 3029; baseline 0.014 -15"><span class='ocrx_word' id='word_1_175' title='bbox 692 2955 772 3015; x_wconf 86' lang='lat' dir='ltr'><strong>ciunt</strong></span> <span class='ocrx_word' id='word_1_176' title='bbox 784 2999 793 3029; x_wconf 90' lang='lat'><strong>,</strong></span> <span class='ocrx_word' id='word_1_177' title='bbox 807 2953 828 3016; x_wconf 69' lang='grc' dir='ltr'>ί</span> <span class='ocrx_word' id='word_1_178' title='bbox 840 2957 979 3018; x_wconf 77' lang='lat' dir='ltr'><strong>innoxiis.</strong></span> 
     </span>
    </p>

    <p class='ocr_par' dir='ltr' id='par_1_21' title="bbox 685 3057 1219 4397">
     <span class='ocr_line' id='line_1_41' title="bbox 732 3057 1139 3145; baseline 0.007 -27"><span class='ocrx_word' id='word_1_179' title='bbox 732 3057 790 3121; x_wconf 75' lang='lat' dir='ltr'><strong>asi</strong></span> <span class='ocrx_word' id='word_1_180' title='bbox 801 3060 917 3145; x_wconf 85' lang='lat' dir='ltr'><strong>quidem</strong></span> <span class='ocrx_word' id='word_1_181' title='bbox 929 3059 960 3118; x_wconf 89' lang='lat' dir='ltr'><strong>hi</strong></span> <span class='ocrx_word' id='word_1_182' title='bbox 973 3058 1036 3119; x_wconf 89' lang='lat' dir='ltr'><strong>sunt</strong></span> <span class='ocrx_word' id='word_1_183' title='bbox 1049 3058 1139 3121; x_wconf 78' lang='lat' dir='ltr'><strong>iide&#39;rn</strong></span> 
     </span>
     <span class='ocr_line' id='line_1_42' title="bbox 693 3161 1138 3246; baseline 0.007 -25"><span class='ocrx_word' id='word_1_184' title='bbox 693 3182 759 3223; x_wconf 81' lang='lat' dir='ltr'><strong>eunt</strong></span> <span class='ocrx_word' id='word_1_185' title='bbox 780 3162 835 3236; x_wconf 86' lang='lat' dir='ltr'><strong>iis,</strong></span> <span class='ocrx_word' id='word_1_186' title='bbox 853 3162 1003 3246; x_wconf 87' lang='lat' dir='ltr'><strong>inquibus</strong></span> <span class='ocrx_word' id='word_1_187' title='bbox 1027 3161 1138 3224; x_wconf 71' lang='lat' dir='ltr'><strong>fruetus</strong></span> 
     </span>
     <span class='ocr_line' id='line_1_43' title="bbox 690 3265 1136 3350; baseline 0.007 -25"><span class='ocrx_word' id='word_1_188' title='bbox 690 3265 755 3339; x_wconf 88' lang='lat' dir='ltr'><strong>est,</strong></span> <span class='ocrx_word' id='word_1_189' title='bbox 782 3286 873 3350; x_wconf 89' lang='lat' dir='ltr'><strong>opera</strong></span> <span class='ocrx_word' id='word_1_190' title='bbox 907 3266 938 3325; x_wconf 91' lang='lat' dir='ltr'><strong>in</strong></span> <span class='ocrx_word' id='word_1_191' title='bbox 969 3267 1028 3341; x_wconf 87' lang='lat' dir='ltr'><strong>iis,</strong></span> <span class='ocrx_word' id='word_1_192' title='bbox 1058 3265 1136 3328; x_wconf 86' lang='lat' dir='ltr'><strong>velut</strong></span> 
     </span>
     <span class='ocr_line' id='line_1_44' title="bbox 688 3368 1191 3446; baseline 0.008 -16"><span class='ocrx_word' id='word_1_193' title='bbox 688 3371 722 3430; x_wconf 86' lang='lat' dir='ltr'><strong>in</strong></span> <span class='ocrx_word' id='word_1_194' title='bbox 737 3368 807 3432; x_wconf 91' lang='lat' dir='ltr'><strong>ludo</strong></span> <span class='ocrx_word' id='word_1_195' title='bbox 825 3369 999 3433; x_wconf 85' lang='lat' dir='ltr'><strong>consumitur</strong></span> <span class='ocrx_word' id='word_1_196' title='bbox 1011 3417 1020 3446; x_wconf 88' lang='lat'><strong>,</strong></span> <span class='ocrx_word' id='word_1_197' title='bbox 1033 3391 1137 3432; x_wconf 87' lang='lat' dir='ltr'><strong>conte·</strong></span> <span class='ocrx_word' id='word_1_198' title='bbox 1182 3427 1191 3434; x_wconf 95' lang='lat'>.</span> 
     </span>
     <span class='ocr_line' id='line_1_45' title="bbox 685 3477 1134 3564; baseline 0 -26"><span class='ocrx_word' id='word_1_199' title='bbox 685 3477 783 3550; x_wconf 81' lang='lat' dir='ltr'><strong>titur,</strong></span> <span class='ocrx_word' id='word_1_200' title='bbox 803 3481 933 3564; x_wconf 82' lang='lat' dir='ltr'><strong>quamvis</strong></span> <span class='ocrx_word' id='word_1_201' title='bbox 952 3477 1079 3561; x_wconf 89' lang='lat' dir='ltr'><strong>sumptus</strong></span> <span class='ocrx_word' id='word_1_202' title='bbox 1104 3487 1134 3538; x_wconf 88' lang='lat'>&amp;</span> 
     </span>
     <span class='ocr_line' id='line_1_46' title="bbox 687 3579 1134 3669; baseline 0.011 -28"><span class='ocrx_word' id='word_1_203' title='bbox 687 3579 814 3643; x_wconf 74' lang='lat' dir='ltr'><strong>frustum</strong></span> <span class='ocrx_word' id='word_1_204' title='bbox 834 3586 1007 3667; x_wconf 86' lang='lat' dir='ltr'><strong>quandoque</strong></span> <span class='ocrx_word' id='word_1_205' title='bbox 1026 3585 1134 3669; x_wconf 87' lang='lat' dir='ltr'><strong>perda-</strong></span> 
     </span>
     <span class='ocr_line' id='line_1_47' title="bbox 686 3687 1131 3764; baseline 0.004 -16"><span class='ocrx_word' id='word_1_206' title='bbox 686 3708 768 3762; x_wconf 83' lang='lat' dir='ltr'><strong>mus3</strong></span> <span class='ocrx_word' id='word_1_207' title='bbox 790 3687 932 3750; x_wconf 75' lang='lat' dir='ltr'><strong>cfiPlaut.</strong></span> <span class='ocrx_word' id='word_1_208' title='bbox 946 3688 1054 3751; x_wconf 69' lang='lat' dir='ltr'><strong>caen</strong></span> <span class='ocrx_word' id='word_1_209' title='bbox 1067 3736 1075 3764; x_wconf 92' lang='lat'>,</span> <span class='ocrx_word' id='word_1_210' title='bbox 1091 3713 1131 3762; x_wconf 89' lang='lat'><strong>7,</strong></span> 
     </span>
     <span class='ocr_line' id='line_1_48' title="bbox 690 3789 1132 3873; baseline 0.007 -22"><span class='ocrx_word' id='word_1_211' title='bbox 690 3813 765 3869; x_wconf 88' lang='lat'>1··3.</span> <span class='ocrx_word' id='word_1_212' title='bbox 784 3789 850 3873; x_wconf 88' lang='lat' dir='ltr'><strong>Ipsa</strong></span> <span class='ocrx_word' id='word_1_213' title='bbox 866 3796 946 3853; x_wconf 87' lang='lat' dir='ltr'><strong>enim</strong></span> <span class='ocrx_word' id='word_1_214' title='bbox 967 3817 1033 3856; x_wconf 81' lang='lat' dir='ltr'><strong>aves</strong></span> <span class='ocrx_word' id='word_1_215' title='bbox 1054 3793 1132 3855; x_wconf 76' lang='lat' dir='ltr'><strong>dolis</strong></span> 
     </span>
     <span class='ocr_line' id='line_1_49' title="bbox 687 3890 1132 3993; baseline 0.009 -41"><span class='ocrx_word' id='word_1_216' title='bbox 687 3890 807 3952; x_wconf 90' lang='lat' dir='ltr'><strong>ludendi</strong></span> <span class='ocrx_word' id='word_1_217' title='bbox 836 3916 939 3977; x_wconf 80' lang='lat' dir='ltr'><strong>opera¹</strong></span> <span class='ocrx_word' id='word_1_218' title='bbox 952 3897 1132 3993; x_wconf 74' lang='lat' dir='ltr'><strong>voluptatem</strong></span> 
     </span>
     <span class='ocr_line' id='line_1_50' title="bbox 687 3995 1131 4060; baseline 0.007 -7"><span class='ocrx_word' id='word_1_219' title='bbox 687 3995 781 4056; x_wconf 80' lang='lat' dir='ltr'><strong>habet.</strong></span> <span class='ocrx_word' id='word_1_220' title='bbox 801 3996 858 4058; x_wconf 89' lang='lat' dir='ltr'><strong>Sed</strong></span> <span class='ocrx_word' id='word_1_221' title='bbox 875 3997 925 4058; x_wconf 88' lang='lat' dir='ltr'><strong>alii</strong></span> <span class='ocrx_word' id='word_1_222' title='bbox 940 3999 998 4060; x_wconf 89' lang='lat' dir='ltr'><strong>hoc</strong></span> <span class='ocrx_word' id='word_1_223' title='bbox 1018 3998 1052 4058; x_wconf 82' lang='lat' dir='ltr'><strong>de</strong></span> <span class='ocrx_word' id='word_1_224' title='bbox 1064 3999 1131 4060; x_wconf 88' lang='lat' dir='ltr'><strong>avi·</strong></span> 
     </span>
     <span class='ocr_line' id='line_1_51' title="bbox 685 4099 1168 4189; baseline 0.006 -29"><span class='ocrx_word' id='word_1_225' title='bbox 685 4099 737 4189; x_wconf 80' lang='lat' dir='ltr'><strong>bus</strong></span> <span class='ocrx_word' id='word_1_226' title='bbox 751 4100 824 4163; x_wconf 84' lang='lat' dir='ltr'><strong>male</strong></span> <span class='ocrx_word' id='word_1_227' title='bbox 838 4103 1005 4166; x_wconf 74' lang='lat' dir='ltr'><strong>facientibus</strong></span> <span class='ocrx_word' id='word_1_228' title='bbox 1021 4105 1132 4163; x_wconf 77' lang='lat' dir='ltr'><strong>dietum</strong></span> <span class='ocrx_word' id='word_1_229' title='bbox 1163 4133 1168 4141; x_wconf 90' lang='lat'><strong>·</strong></span> 
     </span>
     <span class='ocr_line' id='line_1_52' title="bbox 689 4205 1133 4292; baseline 0.014 -26"><span class='ocrx_word' id='word_1_230' title='bbox 689 4205 808 4283; x_wconf 81' lang='lat' dir='ltr'><strong>volunt3</strong></span> <span class='ocrx_word' id='word_1_231' title='bbox 819 4218 846 4269; x_wconf 75' lang='grc' dir='ltr'><strong>δι</strong></span> <span class='ocrx_word' id='word_1_232' title='bbox 859 4209 920 4292; x_wconf 86' lang='lat' dir='ltr'><strong>ipse</strong></span> <span class='ocrx_word' id='word_1_233' title='bbox 937 4212 1016 4272; x_wconf 87' lang='lat' dir='ltr'><strong>Don.</strong></span> <span class='ocrx_word' id='word_1_234' title='bbox 1030 4210 1133 4272; x_wconf 79' lang='lat' dir='ltr'><strong>dubius</strong></span> 
     </span>
     <span class='ocr_line' id='line_1_53' title="bbox 687 4313 1219 4397; baseline 0.013 -24"><span class='ocrx_word' id='word_1_235' title='bbox 687 4313 739 4388; x_wconf 90' lang='lat' dir='ltr'><strong>est,</strong></span> <span class='ocrx_word' id='word_1_236' title='bbox 754 4313 822 4373; x_wconf 86' lang='lat' dir='ltr'><strong>dum</strong></span> <span class='ocrx_word' id='word_1_237' title='bbox 833 4317 953 4397; x_wconf 87' lang='lat' dir='ltr'><strong>exponit</strong></span> <span class='ocrx_word' id='word_1_238' title='bbox 963 4341 969 4376; x_wconf 94' lang='lat'>:</span> <span class='ocrx_word' id='word_1_239' title='bbox 978 4336 1110 4379; x_wconf 79' lang='lat' dir='ltr'><strong>exercetur</strong></span> <span class='ocrx_word' id='word_1_240' title='bbox 1116 4337 1133 4393; x_wconf 69' lang='grc' dir='ltr'><strong><em>ς</em></strong></span> <span class='ocrx_word' id='word_1_241' title='bbox 1217 4341 1219 4344; x_wconf 79' lang='grc'><strong>’</strong></span> 
     </span>
    </p>
   </div>
   <div class='ocr_carea' id='block_1_18' title="bbox 684 4415 1128 4502">
    <p class='ocr_par' dir='ltr' id='par_1_22' title="bbox 684 4415 1128 4502">
     <span class='ocr_line' id='line_1_54' title="bbox 684 4415 1128 4502; baseline -0.005 -20"><span class='ocrx_word' id='word_1_242' title='bbox 684 4440 722 4482; x_wconf 79' lang='lat' dir='ltr'><strong>en</strong></span> <span class='ocrx_word' id='word_1_243' title='bbox 745 4417 866 4482; x_wconf 77' lang='lat' dir='ltr'><strong>illuditur</strong></span> <span class='ocrx_word' id='word_1_244' title='bbox 890 4418 910 4480; x_wconf 81' lang='grc' dir='ltr'><strong>ι’.</strong></span> <span class='ocrx_word' id='word_1_245' title='bbox 939 4440 962 4480; x_wconf 85' lang='lat' dir='ltr'><strong>e.</strong></span> <span class='ocrx_word' id='word_1_246' title='bbox 979 4415 1128 4502; x_wconf 69' lang='lat' dir='ltr'><strong>fenestratur.</strong></span> 
     </span>
    </p>
   </div>
   <div class='ocr_carea' id='block_1_19' title="bbox 890 4577 897 4613">
    <p class='ocr_par' dir='ltr' id='par_1_23' title="bbox 890 4577 897 4613">
     <span class='ocr_line' id='line_1_55' title="bbox 890 4577 897 4613; baseline 0 0"><span class='ocrx_word' id='word_1_247' title='bbox 890 4577 897 4613; x_wconf 74' lang='lat' dir='ltr'><strong>i</strong></span> 
     </span>
    </p>
   </div>
   <div class='ocr_carea' id='block_1_20' title="bbox 0 0 1414 5234">
    <p class='ocr_par' dir='ltr' id='par_1_24' title="bbox 0 0 1414 5234">
     <span class='ocr_line' id='line_1_56' title="bbox 0 0 1414 5234; baseline 0 0"><span class='ocrx_word' id='word_1_248' title='bbox 0 0 1414 5234; x_wconf 95' lang='lat' dir='ltr'><strong> </strong></span> 
     </span>
    </p>
   </div>
  </div>
 </body>
</html>
